[
  {
    "No":286,
    "registration_id":"105553092671",
    "supplier_id":5473,
    "is_supplier":5473,
    "start_effective_date":"2014-04-01",
    "size":"SS",
    "supplier_name":"บริษัท เป็ปเวลธ์ จำกัด (สำนักงานใหญ่)",
    "registration_date":"2010-08-02",
    "registered_capital":1000000.0,
    "trade_receivables_net":1289869.3899999999,
    "inventory":848624.47,
    "current_assets":2352208.9900000002,
    "property_plant_equipment":645000.15,
    "non_current_assets":3745000.1499999999,
    "total_assets":6097209.1399999997,
    "current_liabilities":138441.75,
    "non_current_liabilities":0.0,
    "total_liabilities":138441.75,
    "shareholders_equity":5958767.3899999997,
    "liabilities_and_equity":6097209.1399999997,
    "group":1.0,
    "main_revenue":29827973.0399999991,
    "total_revenue_fs":29827973.0399999991,
    "cost_of_goods_sold":24030307.1999999993,
    "gross_profit":0.0,
    "selling_and_admin_expenses":3314977.3999999999,
    "total_expenses":27345284.6000000015,
    "interest_expense":0.0,
    "profit_before_tax":2482688.4399999999,
    "income_tax":0.0,
    "net_profit":2482688.4399999999,
    "no_of_buyer":1,
    "roa_percent":0.0,
    "roe_percent":0.0,
    "gross_profit_margin_percent":0.0,
    "operating_margin_percent":0.0,
    "net_margin_percent":0.0,
    "asset_turnover_ratio":0.0,
    "receivables_turnover_ratio":0.0,
    "inventory_turnover_ratio":0.0,
    "operating_expense_ratio":0.0,
    "current_ratio":0.0,
    "debt_to_asset_ratio":0.0,
    "asset_to_equity_ratio":0.0,
    "debt_to_equity_ratio":0.0,
    "source_sheet":"Sheet1"
  },
  {
    "No":389,
    "registration_id":"105546007892",
    "supplier_id":2128,
    "is_supplier":2128,
    "start_effective_date":"2005-08-01",
    "size":"SS",
    "supplier_name":"บริษัท เอกธารา ซิสเต็มส์ จำกัด (สำนักงานใหญ่)",
    "registration_date":"2003-01-20",
    "registered_capital":2000000.0,
    "trade_receivables_net":5912334.5999999996,
    "inventory":4992965.9299999997,
    "current_assets":14306358.8300000001,
    "property_plant_equipment":207825.64,
    "non_current_assets":209825.64,
    "total_assets":14516184.4700000007,
    "current_liabilities":2176586.6099999999,
    "non_current_liabilities":600000.0,
    "total_liabilities":2776586.6099999999,
    "shareholders_equity":11739597.8599999994,
    "liabilities_and_equity":14516184.4700000007,
    "group":1.0,
    "main_revenue":29614786.8099999987,
    "total_revenue_fs":29704512.6000000015,
    "cost_of_goods_sold":14780525.8699999992,
    "gross_profit":0.0,
    "selling_and_admin_expenses":13418600.3200000003,
    "total_expenses":28199126.1900000013,
    "interest_expense":0.0,
    "profit_before_tax":1505386.4099999999,
    "income_tax":308048.95,
    "net_profit":1197337.46,
    "no_of_buyer":1,
    "roa_percent":7.83,
    "roe_percent":10.75,
    "gross_profit_margin_percent":0.0,
    "operating_margin_percent":5.07,
    "net_margin_percent":4.03,
    "asset_turnover_ratio":1.94,
    "receivables_turnover_ratio":4.85,
    "inventory_turnover_ratio":2.49,
    "operating_expense_ratio":45.17,
    "current_ratio":6.57,
    "debt_to_asset_ratio":0.19,
    "asset_to_equity_ratio":1.24,
    "debt_to_equity_ratio":0.24,
    "source_sheet":"Sheet1"
  },
  {
    "No":668,
    "registration_id":"105548029630",
    "supplier_id":347,
    "is_supplier":347,
    "start_effective_date":"2005-08-01",
    "size":"SS",
    "supplier_name":"บริษัท แต้ง่วนไถ่ จำกัด (สำนักงานใหญ่)",
    "registration_date":"2005-02-28",
    "registered_capital":5000000.0,
    "trade_receivables_net":4985414.4500000002,
    "inventory":3084435.8599999999,
    "current_assets":8134560.6399999997,
    "property_plant_equipment":24295432.3299999982,
    "non_current_assets":24492225.3599999994,
    "total_assets":32626786.0,
    "current_liabilities":3949141.3100000001,
    "non_current_liabilities":20440588.0,
    "total_liabilities":24389729.3099999987,
    "shareholders_equity":8237056.6900000004,
    "liabilities_and_equity":32626786.0,
    "group":1.0,
    "main_revenue":29652359.0700000003,
    "total_revenue_fs":29681359.0700000003,
    "cost_of_goods_sold":21921124.0899999999,
    "gross_profit":0.0,
    "selling_and_admin_expenses":7784759.7999999998,
    "total_expenses":29705883.8900000006,
    "interest_expense":192407.2,
    "profit_before_tax":-216932.02,
    "income_tax":0.0,
    "net_profit":-216932.02,
    "no_of_buyer":1,
    "roa_percent":-0.65,
    "roe_percent":-2.6,
    "gross_profit_margin_percent":0.0,
    "operating_margin_percent":-0.73,
    "net_margin_percent":-0.73,
    "asset_turnover_ratio":0.88,
    "receivables_turnover_ratio":7.7,
    "inventory_turnover_ratio":7.62,
    "operating_expense_ratio":26.23,
    "current_ratio":2.06,
    "debt_to_asset_ratio":0.75,
    "asset_to_equity_ratio":3.96,
    "debt_to_equity_ratio":2.96,
    "source_sheet":"Sheet1"
  },
  {
    "No":348,
    "registration_id":"105558108371",
    "supplier_id":5,
    "is_supplier":5,
    "start_effective_date":"2016-05-01",
    "size":"SS",
    "supplier_name":"บริษัท พี ฟู้ด แอนด์ เบฟเวอร์เรจ จำกัด (สำนักงานใหญ่)",
    "registration_date":"2015-07-02",
    "registered_capital":10000000.0,
    "trade_receivables_net":2541254.2799999998,
    "inventory":4712294.0,
    "current_assets":14784780.9100000001,
    "property_plant_equipment":259082.7,
    "non_current_assets":1459182.0700000001,
    "total_assets":16243962.9800000004,
    "current_liabilities":6787173.8499999996,
    "non_current_liabilities":0.0,
    "total_liabilities":6787173.8499999996,
    "shareholders_equity":9456789.1300000008,
    "liabilities_and_equity":16243962.9800000004,
    "group":1.0,
    "main_revenue":29524414.5799999982,
    "total_revenue_fs":29547202.120000001,
    "cost_of_goods_sold":14420666.8100000005,
    "gross_profit":0.0,
    "selling_and_admin_expenses":14905512.4199999999,
    "total_expenses":29326179.2300000004,
    "interest_expense":172.88,
    "profit_before_tax":220850.01,
    "income_tax":126727.75,
    "net_profit":94122.26,
    "no_of_buyer":1,
    "roa_percent":0.68,
    "roe_percent":1.0,
    "gross_profit_margin_percent":0.0,
    "operating_margin_percent":0.75,
    "net_margin_percent":0.32,
    "asset_turnover_ratio":2.13,
    "receivables_turnover_ratio":10.29,
    "inventory_turnover_ratio":5.81,
    "operating_expense_ratio":50.45,
    "current_ratio":2.18,
    "debt_to_asset_ratio":0.42,
    "asset_to_equity_ratio":1.72,
    "debt_to_equity_ratio":0.72,
    "source_sheet":"Sheet1"
  },
  {
    "No":288,
    "registration_id":"125554019454",
    "supplier_id":5535,
    "is_supplier":5535,
    "start_effective_date":"2015-05-01",
    "size":"SS",
    "supplier_name":"บริษัท หมึก มูฟ จำกัด (สำนักงานใหญ่)",
    "registration_date":"2011-11-01",
    "registered_capital":1000000.0,
    "trade_receivables_net":4195300.7800000003,
    "inventory":0.0,
    "current_assets":5040417.3799999999,
    "property_plant_equipment":4979301.2800000003,
    "non_current_assets":4979301.2800000003,
    "total_assets":10019718.6600000001,
    "current_liabilities":3777859.1899999999,
    "non_current_liabilities":833421.26,
    "total_liabilities":4611280.4500000002,
    "shareholders_equity":5408438.21,
    "liabilities_and_equity":10019718.6600000001,
    "group":1.0,
    "main_revenue":29269008.0,
    "total_revenue_fs":29281669.6600000001,
    "cost_of_goods_sold":23462278.7399999984,
    "gross_profit":0.0,
    "selling_and_admin_expenses":2870096.8199999998,
    "total_expenses":26332375.5599999987,
    "interest_expense":42864.03,
    "profit_before_tax":2906430.0699999998,
    "income_tax":0.0,
    "net_profit":2906430.0699999998,
    "no_of_buyer":1,
    "roa_percent":27.03,
    "roe_percent":73.48,
    "gross_profit_margin_percent":0.0,
    "operating_margin_percent":9.93,
    "net_margin_percent":9.93,
    "asset_turnover_ratio":2.72,
    "receivables_turnover_ratio":5.91,
    "inventory_turnover_ratio":0.0,
    "operating_expense_ratio":9.8,
    "current_ratio":1.33,
    "debt_to_asset_ratio":0.46,
    "asset_to_equity_ratio":1.85,
    "debt_to_equity_ratio":0.85,
    "source_sheet":"Sheet1"
  },
  {
    "No":645,
    "registration_id":"735559001612",
    "supplier_id":125,
    "is_supplier":125,
    "start_effective_date":null,
    "size":"SS",
    "supplier_name":"บริษัท ไทย เบสท์ โปรดักส์ โฮลดิ้ง จำกัด (สำนักงานใหญ่)",
    "registration_date":"2016-03-14",
    "registered_capital":5000000.0,
    "trade_receivables_net":3787113.9399999999,
    "inventory":0.0,
    "current_assets":4493566.0499999998,
    "property_plant_equipment":104911.46,
    "non_current_assets":104911.46,
    "total_assets":4598477.5099999998,
    "current_liabilities":2886069.0800000001,
    "non_current_liabilities":0.0,
    "total_liabilities":2886069.0800000001,
    "shareholders_equity":1712408.4299999999,
    "liabilities_and_equity":4598477.5099999998,
    "group":1.0,
    "main_revenue":29038933.6400000006,
    "total_revenue_fs":29190057.3299999982,
    "cost_of_goods_sold":27255114.6499999985,
    "gross_profit":0.0,
    "selling_and_admin_expenses":1654436.52,
    "total_expenses":28909551.1700000018,
    "interest_expense":65100.0,
    "profit_before_tax":215406.16,
    "income_tax":2997.73,
    "net_profit":212408.43,
    "no_of_buyer":1,
    "roa_percent":9.24,
    "roe_percent":24.81,
    "gross_profit_margin_percent":0.0,
    "operating_margin_percent":0.74,
    "net_margin_percent":0.73,
    "asset_turnover_ratio":12.7,
    "receivables_turnover_ratio":15.42,
    "inventory_turnover_ratio":0.0,
    "operating_expense_ratio":5.67,
    "current_ratio":1.56,
    "debt_to_asset_ratio":0.63,
    "asset_to_equity_ratio":2.69,
    "debt_to_equity_ratio":1.69,
    "source_sheet":"Sheet1"
  },
  {
    "No":597,
    "registration_id":"105543059859",
    "supplier_id":5403,
    "is_supplier":5403,
    "start_effective_date":"2013-11-01",
    "size":"SS",
    "supplier_name":"บริษัท ทัชวัน จำกัด (สำนักงานใหญ่)",
    "registration_date":"2000-06-27",
    "registered_capital":5000000.0,
    "trade_receivables_net":3569323.8199999998,
    "inventory":3978398.2999999998,
    "current_assets":8618727.9000000004,
    "property_plant_equipment":3061164.1499999999,
    "non_current_assets":11743164.1500000004,
    "total_assets":20361892.0500000007,
    "current_liabilities":6684137.96,
    "non_current_liabilities":8566772.9299999997,
    "total_liabilities":15250910.8900000006,
    "shareholders_equity":5110981.1600000001,
    "liabilities_and_equity":20361892.0500000007,
    "group":1.0,
    "main_revenue":28814367.2399999984,
    "total_revenue_fs":28828485.3299999982,
    "cost_of_goods_sold":19310534.2800000012,
    "gross_profit":0.0,
    "selling_and_admin_expenses":7672367.5099999998,
    "total_expenses":26982901.7899999991,
    "interest_expense":159408.84,
    "profit_before_tax":1686174.7,
    "income_tax":0.0,
    "net_profit":1686174.7,
    "no_of_buyer":1,
    "roa_percent":8.52,
    "roe_percent":39.51,
    "gross_profit_margin_percent":0.0,
    "operating_margin_percent":5.85,
    "net_margin_percent":5.85,
    "asset_turnover_ratio":1.46,
    "receivables_turnover_ratio":9.74,
    "inventory_turnover_ratio":5.26,
    "operating_expense_ratio":26.61,
    "current_ratio":1.29,
    "debt_to_asset_ratio":0.75,
    "asset_to_equity_ratio":3.98,
    "debt_to_equity_ratio":2.98,
    "source_sheet":"Sheet1"
  },
  {
    "No":421,
    "registration_id":"745552000700",
    "supplier_id":5320,
    "is_supplier":5320,
    "start_effective_date":"2012-09-01",
    "size":"SS",
    "supplier_name":"บริษัท มารีนเนอร์ กรุ๊ป จำกัด (สำนักงานใหญ่)",
    "registration_date":"2009-02-19",
    "registered_capital":5000000.0,
    "trade_receivables_net":3123473.29,
    "inventory":1399443.2,
    "current_assets":8549569.1500000004,
    "property_plant_equipment":1307265.9199999999,
    "non_current_assets":1307265.9199999999,
    "total_assets":9856835.0700000003,
    "current_liabilities":4449334.2699999996,
    "non_current_liabilities":9480640.0,
    "total_liabilities":13929974.2699999996,
    "shareholders_equity":-4073139.2000000002,
    "liabilities_and_equity":9856835.0700000003,
    "group":1.0,
    "main_revenue":28073885.9899999984,
    "total_revenue_fs":28097980.9400000013,
    "cost_of_goods_sold":0.0,
    "gross_profit":0.0,
    "selling_and_admin_expenses":0.0,
    "total_expenses":25312326.5599999987,
    "interest_expense":125600.88,
    "profit_before_tax":2660053.5,
    "income_tax":0.0,
    "net_profit":2660053.5,
    "no_of_buyer":6,
    "roa_percent":29.0,
    "roe_percent":-49.23,
    "gross_profit_margin_percent":0.0,
    "operating_margin_percent":9.47,
    "net_margin_percent":9.47,
    "asset_turnover_ratio":3.06,
    "receivables_turnover_ratio":10.03,
    "inventory_turnover_ratio":0.0,
    "operating_expense_ratio":0.0,
    "current_ratio":1.92,
    "debt_to_asset_ratio":1.41,
    "asset_to_equity_ratio":-2.42,
    "debt_to_equity_ratio":-3.42,
    "source_sheet":"Sheet1"
  },
  {
    "No":340,
    "registration_id":"105555143582",
    "supplier_id":5501,
    "is_supplier":5501,
    "start_effective_date":"2015-06-01",
    "size":"SS",
    "supplier_name":"บริษัท ไทย เฮิร์บ เอนเตอร์ไพรซ์ จำกัด (สำนักงานใหญ่)",
    "registration_date":"2012-09-26",
    "registered_capital":1000000.0,
    "trade_receivables_net":8468661.25,
    "inventory":3099733.5499999998,
    "current_assets":12987848.1500000004,
    "property_plant_equipment":1655988.6599999999,
    "non_current_assets":1655988.6599999999,
    "total_assets":14643836.8100000005,
    "current_liabilities":7124352.1200000001,
    "non_current_liabilities":0.0,
    "total_liabilities":7124352.1200000001,
    "shareholders_equity":7519484.6900000004,
    "liabilities_and_equity":14643836.8100000005,
    "group":1.0,
    "main_revenue":27953189.6999999993,
    "total_revenue_fs":27954742.2399999984,
    "cost_of_goods_sold":14825045.7400000002,
    "gross_profit":0.0,
    "selling_and_admin_expenses":7824215.4800000004,
    "total_expenses":22649261.2199999988,
    "interest_expense":0.0,
    "profit_before_tax":5305481.0199999996,
    "income_tax":0.0,
    "net_profit":5305481.0199999996,
    "no_of_buyer":4,
    "roa_percent":49.02,
    "roe_percent":109.02,
    "gross_profit_margin_percent":0.0,
    "operating_margin_percent":18.98,
    "net_margin_percent":18.98,
    "asset_turnover_ratio":2.58,
    "receivables_turnover_ratio":4.17,
    "inventory_turnover_ratio":7.71,
    "operating_expense_ratio":27.99,
    "current_ratio":1.82,
    "debt_to_asset_ratio":0.49,
    "asset_to_equity_ratio":1.95,
    "debt_to_equity_ratio":0.95,
    "source_sheet":"Sheet1"
  },
  {
    "No":385,
    "registration_id":"105537116838",
    "supplier_id":5483,
    "is_supplier":5483,
    "start_effective_date":"2014-05-01",
    "size":"SS",
    "supplier_name":"บริษัท ที.พี.โฟร์ อินเตอร์เนชั่นแนล จำกัด (สำนักงานใหญ่)",
    "registration_date":"1994-09-30",
    "registered_capital":3000000.0,
    "trade_receivables_net":2164210.1899999999,
    "inventory":2677862.1000000001,
    "current_assets":10159286.4100000001,
    "property_plant_equipment":1703075.8500000001,
    "non_current_assets":1703075.8500000001,
    "total_assets":11862362.2599999998,
    "current_liabilities":2099506.5699999998,
    "non_current_liabilities":14931873.9700000007,
    "total_liabilities":17031380.5399999991,
    "shareholders_equity":-5169018.2800000003,
    "liabilities_and_equity":11862362.2599999998,
    "group":1.0,
    "main_revenue":27828929.1999999993,
    "total_revenue_fs":27836731.7199999988,
    "cost_of_goods_sold":22076761.620000001,
    "gross_profit":0.0,
    "selling_and_admin_expenses":5438751.7300000004,
    "total_expenses":27515513.3500000015,
    "interest_expense":0.0,
    "profit_before_tax":321218.37,
    "income_tax":0.0,
    "net_profit":321218.37,
    "no_of_buyer":1,
    "roa_percent":2.55,
    "roe_percent":-6.03,
    "gross_profit_margin_percent":0.0,
    "operating_margin_percent":1.15,
    "net_margin_percent":1.15,
    "asset_turnover_ratio":2.21,
    "receivables_turnover_ratio":7.52,
    "inventory_turnover_ratio":4.49,
    "operating_expense_ratio":19.54,
    "current_ratio":4.84,
    "debt_to_asset_ratio":1.44,
    "asset_to_equity_ratio":-2.29,
    "debt_to_equity_ratio":-3.29,
    "source_sheet":"Sheet1"
  },
  {
    "No":729,
    "registration_id":"425543000126",
    "supplier_id":5472,
    "is_supplier":5472,
    "start_effective_date":"2014-04-01",
    "size":"SS",
    "supplier_name":"บริษัท ห้างขายยา เทพประทานพร จำกัด (สำนักงานใหญ่)",
    "registration_date":"2000-09-11",
    "registered_capital":5000000.0,
    "trade_receivables_net":19166.67,
    "inventory":12737993.3900000006,
    "current_assets":14316721.3000000007,
    "property_plant_equipment":758627.29,
    "non_current_assets":758627.29,
    "total_assets":15075348.5899999999,
    "current_liabilities":89891.75,
    "non_current_liabilities":0.0,
    "total_liabilities":89891.75,
    "shareholders_equity":14985456.8399999999,
    "liabilities_and_equity":15075348.5899999999,
    "group":1.0,
    "main_revenue":26644134.4600000009,
    "total_revenue_fs":26668301.129999999,
    "cost_of_goods_sold":13025427.7300000004,
    "gross_profit":0.0,
    "selling_and_admin_expenses":6755461.79,
    "total_expenses":19780889.5199999996,
    "interest_expense":0.0,
    "profit_before_tax":6887411.6100000003,
    "income_tax":0.0,
    "net_profit":6887411.6100000003,
    "no_of_buyer":1,
    "roa_percent":59.06,
    "roe_percent":59.67,
    "gross_profit_margin_percent":0.0,
    "operating_margin_percent":25.83,
    "net_margin_percent":25.83,
    "asset_turnover_ratio":2.29,
    "receivables_turnover_ratio":49.74,
    "inventory_turnover_ratio":1.65,
    "operating_expense_ratio":25.33,
    "current_ratio":159.27,
    "debt_to_asset_ratio":0.01,
    "asset_to_equity_ratio":1.01,
    "debt_to_equity_ratio":0.01,
    "source_sheet":"Sheet1"
  },
  {
    "No":366,
    "registration_id":"105541008033",
    "supplier_id":2098,
    "is_supplier":2098,
    "start_effective_date":"2016-01-01",
    "size":"SS",
    "supplier_name":"บริษัท กวงเม้ง จำกัด (สำนักงานใหญ่)",
    "registration_date":"1998-02-06",
    "registered_capital":1000000.0,
    "trade_receivables_net":0.0,
    "inventory":511144.0,
    "current_assets":3755911.0099999998,
    "property_plant_equipment":5196316.0800000001,
    "non_current_assets":5196316.0800000001,
    "total_assets":8952227.0899999999,
    "current_liabilities":2893512.98,
    "non_current_liabilities":0.0,
    "total_liabilities":2893512.98,
    "shareholders_equity":6058714.1100000003,
    "liabilities_and_equity":8952227.0899999999,
    "group":1.0,
    "main_revenue":26410069.2399999984,
    "total_revenue_fs":26415458.5799999982,
    "cost_of_goods_sold":0.0,
    "gross_profit":0.0,
    "selling_and_admin_expenses":0.0,
    "total_expenses":25705985.5199999996,
    "interest_expense":0.0,
    "profit_before_tax":709473.0600000001,
    "income_tax":0.0,
    "net_profit":709473.0600000001,
    "no_of_buyer":1,
    "roa_percent":8.31,
    "roe_percent":12.44,
    "gross_profit_margin_percent":0.0,
    "operating_margin_percent":2.69,
    "net_margin_percent":2.69,
    "asset_turnover_ratio":3.09,
    "receivables_turnover_ratio":220.78,
    "inventory_turnover_ratio":0.0,
    "operating_expense_ratio":0.0,
    "current_ratio":1.3,
    "debt_to_asset_ratio":0.32,
    "asset_to_equity_ratio":1.48,
    "debt_to_equity_ratio":0.48,
    "source_sheet":"Sheet1"
  },
  {
    "No":279,
    "registration_id":"735541001122",
    "supplier_id":2058,
    "is_supplier":2058,
    "start_effective_date":"2008-07-01",
    "size":"SS",
    "supplier_name":"บริษัท ตำรับไท มาร์เก็ตติ้ง จำกัด (สำนักงานใหญ่)",
    "registration_date":"1998-11-02",
    "registered_capital":1000000.0,
    "trade_receivables_net":933130.8100000001,
    "inventory":1937900.79,
    "current_assets":2884129.8999999999,
    "property_plant_equipment":15004262.5500000007,
    "non_current_assets":15004262.5500000007,
    "total_assets":17888392.4499999993,
    "current_liabilities":13022687.4000000004,
    "non_current_liabilities":0.0,
    "total_liabilities":13022687.4000000004,
    "shareholders_equity":4865705.0499999998,
    "liabilities_and_equity":17888392.4499999993,
    "group":1.0,
    "main_revenue":24826505.7300000004,
    "total_revenue_fs":24826505.7300000004,
    "cost_of_goods_sold":20809841.8599999994,
    "gross_profit":0.0,
    "selling_and_admin_expenses":2457620.1400000001,
    "total_expenses":23267462.0,
    "interest_expense":215544.03,
    "profit_before_tax":1343499.7,
    "income_tax":104349.97,
    "net_profit":1239149.73,
    "no_of_buyer":1,
    "roa_percent":6.98,
    "roe_percent":29.18,
    "gross_profit_margin_percent":0.0,
    "operating_margin_percent":5.41,
    "net_margin_percent":4.99,
    "asset_turnover_ratio":1.4,
    "receivables_turnover_ratio":28.35,
    "inventory_turnover_ratio":12.37,
    "operating_expense_ratio":9.9,
    "current_ratio":0.22,
    "debt_to_asset_ratio":0.73,
    "asset_to_equity_ratio":3.68,
    "debt_to_equity_ratio":2.68,
    "source_sheet":"Sheet1"
  },
  {
    "No":615,
    "registration_id":"105519005850",
    "supplier_id":1019,
    "is_supplier":1019,
    "start_effective_date":"2011-04-01",
    "size":"SS",
    "supplier_name":"บริษัท สหะวรา จำกัด (สำนักงานใหญ่)",
    "registration_date":"1976-06-03",
    "registered_capital":8000000.0,
    "trade_receivables_net":4362900.21,
    "inventory":5949618.8200000003,
    "current_assets":11336769.4000000004,
    "property_plant_equipment":967098.26,
    "non_current_assets":1152980.74,
    "total_assets":12489750.1400000006,
    "current_liabilities":6284710.1200000001,
    "non_current_liabilities":0.0,
    "total_liabilities":6284710.1200000001,
    "shareholders_equity":6205040.0199999996,
    "liabilities_and_equity":12489750.1400000006,
    "group":1.0,
    "main_revenue":24563485.4699999988,
    "total_revenue_fs":24573182.4400000013,
    "cost_of_goods_sold":13012428.8800000008,
    "gross_profit":0.0,
    "selling_and_admin_expenses":8711777.5700000003,
    "total_expenses":21724206.4499999993,
    "interest_expense":541025.61,
    "profit_before_tax":2307950.3799999999,
    "income_tax":486189.55,
    "net_profit":1821760.8300000001,
    "no_of_buyer":1,
    "roa_percent":14.6,
    "roe_percent":34.41,
    "gross_profit_margin_percent":0.0,
    "operating_margin_percent":9.39,
    "net_margin_percent":7.41,
    "asset_turnover_ratio":1.97,
    "receivables_turnover_ratio":6.0,
    "inventory_turnover_ratio":2.15,
    "operating_expense_ratio":35.45,
    "current_ratio":1.8,
    "debt_to_asset_ratio":0.5,
    "asset_to_equity_ratio":2.01,
    "debt_to_equity_ratio":1.01,
    "source_sheet":"Sheet1"
  },
  {
    "No":377,
    "registration_id":"655554000384",
    "supplier_id":5301,
    "is_supplier":5301,
    "start_effective_date":"2012-07-01",
    "size":"SS",
    "supplier_name":"บริษัท บานาน่า โซไซตี้ จำกัด (สำนักงานใหญ่)",
    "registration_date":"2011-06-10",
    "registered_capital":1000000.0,
    "trade_receivables_net":0.0,
    "inventory":21281504.8999999985,
    "current_assets":32366028.9899999984,
    "property_plant_equipment":8951318.4700000007,
    "non_current_assets":15070330.3800000008,
    "total_assets":47436359.3699999973,
    "current_liabilities":10708486.25,
    "non_current_liabilities":32683787.5500000007,
    "total_liabilities":43392273.799999997,
    "shareholders_equity":4044085.5699999998,
    "liabilities_and_equity":47436359.3699999973,
    "group":1.0,
    "main_revenue":24521061.8500000015,
    "total_revenue_fs":24529182.9899999984,
    "cost_of_goods_sold":0.0,
    "gross_profit":0.0,
    "selling_and_admin_expenses":0.0,
    "total_expenses":21815548.1400000006,
    "interest_expense":1535747.0,
    "profit_before_tax":1177887.8500000001,
    "income_tax":0.0,
    "net_profit":1177887.8500000001,
    "no_of_buyer":1,
    "roa_percent":3.04,
    "roe_percent":34.09,
    "gross_profit_margin_percent":0.0,
    "operating_margin_percent":4.8,
    "net_margin_percent":4.8,
    "asset_turnover_ratio":0.63,
    "receivables_turnover_ratio":0.0,
    "inventory_turnover_ratio":0.0,
    "operating_expense_ratio":0.0,
    "current_ratio":3.02,
    "debt_to_asset_ratio":0.91,
    "asset_to_equity_ratio":11.73,
    "debt_to_equity_ratio":10.73,
    "source_sheet":"Sheet1"
  },
  {
    "No":322,
    "registration_id":"135550032146",
    "supplier_id":5452,
    "is_supplier":5452,
    "start_effective_date":"2014-03-01",
    "size":"SS",
    "supplier_name":"บริษัท เอ็นทีพี อินโนเวชัน จำกัด (สำนักงานใหญ่)",
    "registration_date":"2007-04-24",
    "registered_capital":1000000.0,
    "trade_receivables_net":7149469.8499999996,
    "inventory":629372.48,
    "current_assets":12265713.2799999993,
    "property_plant_equipment":816381.87,
    "non_current_assets":816381.87,
    "total_assets":13082095.1500000004,
    "current_liabilities":2348685.2799999998,
    "non_current_liabilities":0.0,
    "total_liabilities":2348685.2799999998,
    "shareholders_equity":10733409.8699999992,
    "liabilities_and_equity":13082095.1500000004,
    "group":1.0,
    "main_revenue":24299585.6000000015,
    "total_revenue_fs":24312708.0,
    "cost_of_goods_sold":16496067.2599999998,
    "gross_profit":0.0,
    "selling_and_admin_expenses":2147862.5099999998,
    "total_expenses":18643929.7699999996,
    "interest_expense":0.0,
    "profit_before_tax":5668778.2300000004,
    "income_tax":0.0,
    "net_profit":5668778.2300000004,
    "no_of_buyer":1,
    "roa_percent":50.57,
    "roe_percent":71.77,
    "gross_profit_margin_percent":0.0,
    "operating_margin_percent":23.32,
    "net_margin_percent":23.32,
    "asset_turnover_ratio":2.17,
    "receivables_turnover_ratio":4.34,
    "inventory_turnover_ratio":31.74,
    "operating_expense_ratio":8.83,
    "current_ratio":5.22,
    "debt_to_asset_ratio":0.18,
    "asset_to_equity_ratio":1.22,
    "debt_to_equity_ratio":0.22,
    "source_sheet":"Sheet1"
  },
  {
    "No":757,
    "registration_id":"105544069114",
    "supplier_id":5474,
    "is_supplier":5474,
    "start_effective_date":"2014-05-01",
    "size":"SS",
    "supplier_name":"บริษัท พิคเจอร์เวิร์ค จำกัด (สำนักงานใหญ่)",
    "registration_date":"2001-07-23",
    "registered_capital":1000000.0,
    "trade_receivables_net":3737182.6800000002,
    "inventory":102700.0,
    "current_assets":6325277.1600000001,
    "property_plant_equipment":1004003.3199999999,
    "non_current_assets":29341132.870000001,
    "total_assets":35666410.0300000012,
    "current_liabilities":8548625.6999999993,
    "non_current_liabilities":0.0,
    "total_liabilities":8548625.6999999993,
    "shareholders_equity":27117784.3299999982,
    "liabilities_and_equity":35666410.0300000012,
    "group":1.0,
    "main_revenue":23233441.8299999982,
    "total_revenue_fs":23698069.0700000003,
    "cost_of_goods_sold":7202800.5999999996,
    "gross_profit":0.0,
    "selling_and_admin_expenses":9755471.1899999995,
    "total_expenses":16958271.7899999991,
    "interest_expense":905.0,
    "profit_before_tax":6738892.2800000003,
    "income_tax":0.0,
    "net_profit":6738892.2800000003,
    "no_of_buyer":1,
    "roa_percent":21.64,
    "roe_percent":28.38,
    "gross_profit_margin_percent":0.0,
    "operating_margin_percent":28.44,
    "net_margin_percent":28.44,
    "asset_turnover_ratio":0.76,
    "receivables_turnover_ratio":6.73,
    "inventory_turnover_ratio":115.71,
    "operating_expense_ratio":41.17,
    "current_ratio":0.74,
    "debt_to_asset_ratio":0.24,
    "asset_to_equity_ratio":1.32,
    "debt_to_equity_ratio":0.32,
    "source_sheet":"Sheet1"
  },
  {
    "No":402,
    "registration_id":"105537008024",
    "supplier_id":3011,
    "is_supplier":3011,
    "start_effective_date":"2008-09-01",
    "size":"SS",
    "supplier_name":"บริษัท ที.ไทย 93  จำกัด (สำนักงานใหญ่)",
    "registration_date":"1994-01-20",
    "registered_capital":3000000.0,
    "trade_receivables_net":4870668.9800000004,
    "inventory":464954.44,
    "current_assets":10002315.4900000002,
    "property_plant_equipment":33250.04,
    "non_current_assets":33250.04,
    "total_assets":10035565.5299999993,
    "current_liabilities":3808698.2000000002,
    "non_current_liabilities":0.0,
    "total_liabilities":3808698.2000000002,
    "shareholders_equity":6226867.3300000001,
    "liabilities_and_equity":10035565.5299999993,
    "group":1.0,
    "main_revenue":23332446.4299999997,
    "total_revenue_fs":23390599.3500000015,
    "cost_of_goods_sold":18282197.5399999991,
    "gross_profit":0.0,
    "selling_and_admin_expenses":4990168.0700000003,
    "total_expenses":23272365.6099999994,
    "interest_expense":0.0,
    "profit_before_tax":118233.74,
    "income_tax":26009.86,
    "net_profit":92223.88,
    "no_of_buyer":3,
    "roa_percent":0.95,
    "roe_percent":1.49,
    "gross_profit_margin_percent":0.0,
    "operating_margin_percent":0.51,
    "net_margin_percent":0.39,
    "asset_turnover_ratio":2.42,
    "receivables_turnover_ratio":4.4,
    "inventory_turnover_ratio":28.42,
    "operating_expense_ratio":21.33,
    "current_ratio":2.63,
    "debt_to_asset_ratio":0.38,
    "asset_to_equity_ratio":1.61,
    "debt_to_equity_ratio":0.61,
    "source_sheet":"Sheet1"
  },
  {
    "No":355,
    "registration_id":"105556070872",
    "supplier_id":456,
    "is_supplier":456,
    "start_effective_date":"2014-08-01",
    "size":"SS",
    "supplier_name":"บริษัท แฮมก้า มาร์เก็ตติ้ง จำกัด (สำนักงานใหญ่)",
    "registration_date":"2013-04-29",
    "registered_capital":3000000.0,
    "trade_receivables_net":7932317.9400000004,
    "inventory":600935.87,
    "current_assets":8941002.6199999992,
    "property_plant_equipment":157514.33,
    "non_current_assets":157514.33,
    "total_assets":9098516.9499999993,
    "current_liabilities":6743980.6399999997,
    "non_current_liabilities":0.0,
    "total_liabilities":6743980.6399999997,
    "shareholders_equity":2354536.3100000001,
    "liabilities_and_equity":9098516.9499999993,
    "group":1.0,
    "main_revenue":23141689.0399999991,
    "total_revenue_fs":23143029.4800000004,
    "cost_of_goods_sold":0.0,
    "gross_profit":0.0,
    "selling_and_admin_expenses":0.0,
    "total_expenses":21571162.6600000001,
    "interest_expense":0.0,
    "profit_before_tax":1571866.8200000001,
    "income_tax":0.0,
    "net_profit":1571866.8200000001,
    "no_of_buyer":1,
    "roa_percent":18.59,
    "roe_percent":100.21,
    "gross_profit_margin_percent":0.0,
    "operating_margin_percent":6.79,
    "net_margin_percent":6.79,
    "asset_turnover_ratio":2.74,
    "receivables_turnover_ratio":2.97,
    "inventory_turnover_ratio":0.0,
    "operating_expense_ratio":0.0,
    "current_ratio":1.33,
    "debt_to_asset_ratio":0.74,
    "asset_to_equity_ratio":3.86,
    "debt_to_equity_ratio":2.86,
    "source_sheet":"Sheet1"
  },
  {
    "No":427,
    "registration_id":"105534120648",
    "supplier_id":5493,
    "is_supplier":5493,
    "start_effective_date":"2014-06-01",
    "size":"SS",
    "supplier_name":"บริษัท ไทย บี บี ฟรุท จำกัด (สำนักงานใหญ่)",
    "registration_date":"1991-12-19",
    "registered_capital":2000000.0,
    "trade_receivables_net":6124409.1299999999,
    "inventory":823701.0,
    "current_assets":21712586.9499999993,
    "property_plant_equipment":5968464.96,
    "non_current_assets":6019964.96,
    "total_assets":27732551.9100000001,
    "current_liabilities":8099134.2000000002,
    "non_current_liabilities":150937.41,
    "total_liabilities":8250071.6100000003,
    "shareholders_equity":19482480.3000000007,
    "liabilities_and_equity":27732551.9100000001,
    "group":1.0,
    "main_revenue":19524012.3500000015,
    "total_revenue_fs":21020694.2100000009,
    "cost_of_goods_sold":0.0,
    "gross_profit":0.0,
    "selling_and_admin_expenses":0.0,
    "total_expenses":14384170.2400000002,
    "interest_expense":454381.25,
    "profit_before_tax":6182142.7199999997,
    "income_tax":0.0,
    "net_profit":6182142.7199999997,
    "no_of_buyer":1,
    "roa_percent":23.21,
    "roe_percent":38.38,
    "gross_profit_margin_percent":0.0,
    "operating_margin_percent":29.41,
    "net_margin_percent":29.41,
    "asset_turnover_ratio":0.79,
    "receivables_turnover_ratio":4.06,
    "inventory_turnover_ratio":0.0,
    "operating_expense_ratio":0.0,
    "current_ratio":2.68,
    "debt_to_asset_ratio":0.3,
    "asset_to_equity_ratio":1.42,
    "debt_to_equity_ratio":0.42,
    "source_sheet":"Sheet1"
  },
  {
    "No":515,
    "registration_id":"125548003584",
    "supplier_id":5354,
    "is_supplier":5354,
    "start_effective_date":"2013-03-01",
    "size":"SS",
    "supplier_name":"บริษัท แสงอุทัย เทรดดิ้ง จำกัด (สำนักงานใหญ่)",
    "registration_date":"2005-03-18",
    "registered_capital":1000000.0,
    "trade_receivables_net":2691223.4900000002,
    "inventory":2707718.0899999999,
    "current_assets":6083222.2199999997,
    "property_plant_equipment":1846092.0700000001,
    "non_current_assets":1867777.0600000001,
    "total_assets":7950999.2800000003,
    "current_liabilities":2809407.71,
    "non_current_liabilities":4203833.96,
    "total_liabilities":7013241.6699999999,
    "shareholders_equity":937757.61,
    "liabilities_and_equity":7950999.2800000003,
    "group":1.0,
    "main_revenue":19723977.0799999982,
    "total_revenue_fs":19774645.870000001,
    "cost_of_goods_sold":17191352.4600000009,
    "gross_profit":0.0,
    "selling_and_admin_expenses":3069987.5099999998,
    "total_expenses":20261339.9699999988,
    "interest_expense":21305.89,
    "profit_before_tax":-507999.99,
    "income_tax":0.0,
    "net_profit":-507999.99,
    "no_of_buyer":1,
    "roa_percent":-4.64,
    "roe_percent":-42.63,
    "gross_profit_margin_percent":0.0,
    "operating_margin_percent":-2.57,
    "net_margin_percent":-2.57,
    "asset_turnover_ratio":1.81,
    "receivables_turnover_ratio":3.58,
    "inventory_turnover_ratio":5.9,
    "operating_expense_ratio":15.52,
    "current_ratio":2.17,
    "debt_to_asset_ratio":0.88,
    "asset_to_equity_ratio":8.48,
    "debt_to_equity_ratio":7.48,
    "source_sheet":"Sheet1"
  },
  {
    "No":341,
    "registration_id":"105558148437",
    "supplier_id":4,
    "is_supplier":4,
    "start_effective_date":"2016-05-01",
    "size":"SS",
    "supplier_name":"บริษัท เฮฟเว่น ดรอปส์ จำกัด (สำนักงานใหญ่)",
    "registration_date":"2015-09-11",
    "registered_capital":10000000.0,
    "trade_receivables_net":6400188.4699999997,
    "inventory":5381500.7999999998,
    "current_assets":13884776.0500000007,
    "property_plant_equipment":1668745.46,
    "non_current_assets":3181764.1499999999,
    "total_assets":17066540.1999999993,
    "current_liabilities":6786177.4000000004,
    "non_current_liabilities":229119.45,
    "total_liabilities":7015296.8499999996,
    "shareholders_equity":10051243.3499999996,
    "liabilities_and_equity":17066540.1999999993,
    "group":1.0,
    "main_revenue":18849739.4800000004,
    "total_revenue_fs":18862459.3900000006,
    "cost_of_goods_sold":13651254.0899999999,
    "gross_profit":0.0,
    "selling_and_admin_expenses":3089381.3199999998,
    "total_expenses":16740635.4100000001,
    "interest_expense":2182.02,
    "profit_before_tax":2119641.96,
    "income_tax":40556.95,
    "net_profit":2079085.01,
    "no_of_buyer":1,
    "roa_percent":16.54,
    "roe_percent":23.07,
    "gross_profit_margin_percent":0.0,
    "operating_margin_percent":11.24,
    "net_margin_percent":11.02,
    "asset_turnover_ratio":1.5,
    "receivables_turnover_ratio":4.66,
    "inventory_turnover_ratio":5.07,
    "operating_expense_ratio":16.38,
    "current_ratio":2.05,
    "debt_to_asset_ratio":0.41,
    "asset_to_equity_ratio":1.7,
    "debt_to_equity_ratio":0.7,
    "source_sheet":"Sheet1"
  },
  {
    "No":360,
    "registration_id":"105529000427",
    "supplier_id":2061,
    "is_supplier":2061,
    "start_effective_date":"2005-08-01",
    "size":"SS",
    "supplier_name":"บริษัท ชนาสิน พัฒนา มิลเลนเนียม จำกัด (สำนักงานใหญ่)",
    "registration_date":"1986-01-03",
    "registered_capital":5000000.0,
    "trade_receivables_net":4915426.3300000001,
    "inventory":0.0,
    "current_assets":8838310.9499999993,
    "property_plant_equipment":2686858.8700000001,
    "non_current_assets":3356717.8500000001,
    "total_assets":12195028.8000000007,
    "current_liabilities":4485462.5199999996,
    "non_current_liabilities":0.0,
    "total_liabilities":4485462.5199999996,
    "shareholders_equity":7709566.2800000003,
    "liabilities_and_equity":12195028.8000000007,
    "group":1.0,
    "main_revenue":18729122.8500000015,
    "total_revenue_fs":18751752.75,
    "cost_of_goods_sold":14202741.0800000001,
    "gross_profit":0.0,
    "selling_and_admin_expenses":3885333.8100000001,
    "total_expenses":18088074.8900000006,
    "interest_expense":51119.16,
    "profit_before_tax":612558.7,
    "income_tax":0.0,
    "net_profit":612558.7,
    "no_of_buyer":1,
    "roa_percent":5.15,
    "roe_percent":8.87,
    "gross_profit_margin_percent":0.0,
    "operating_margin_percent":3.27,
    "net_margin_percent":3.27,
    "asset_turnover_ratio":1.58,
    "receivables_turnover_ratio":3.93,
    "inventory_turnover_ratio":0.0,
    "operating_expense_ratio":20.72,
    "current_ratio":1.97,
    "debt_to_asset_ratio":0.37,
    "asset_to_equity_ratio":1.58,
    "debt_to_equity_ratio":0.58,
    "source_sheet":"Sheet1"
  },
  {
    "No":391,
    "registration_id":"105550052031",
    "supplier_id":5610,
    "is_supplier":5610,
    "start_effective_date":"2015-11-01",
    "size":"SS",
    "supplier_name":"บริษัท ดีเดย์ กรุ๊ป จำกัด (สำนักงานใหญ่)",
    "registration_date":"2007-05-17",
    "registered_capital":1000000.0,
    "trade_receivables_net":7038035.8499999996,
    "inventory":4464696.0599999996,
    "current_assets":12012259.4800000004,
    "property_plant_equipment":57230.74,
    "non_current_assets":57230.74,
    "total_assets":12069490.2200000007,
    "current_liabilities":11493622.8300000001,
    "non_current_liabilities":0.0,
    "total_liabilities":11493622.8300000001,
    "shareholders_equity":575867.39,
    "liabilities_and_equity":12069490.2200000007,
    "group":1.0,
    "main_revenue":18279101.6099999994,
    "total_revenue_fs":18282639.629999999,
    "cost_of_goods_sold":14459104.3900000006,
    "gross_profit":0.0,
    "selling_and_admin_expenses":1769391.0700000001,
    "total_expenses":16228495.4600000009,
    "interest_expense":0.0,
    "profit_before_tax":2054144.1699999999,
    "income_tax":0.0,
    "net_profit":2054144.1699999999,
    "no_of_buyer":1,
    "roa_percent":23.7,
    "roe_percent":-356.5,
    "gross_profit_margin_percent":0.0,
    "operating_margin_percent":11.24,
    "net_margin_percent":11.24,
    "asset_turnover_ratio":2.11,
    "receivables_turnover_ratio":3.57,
    "inventory_turnover_ratio":4.61,
    "operating_expense_ratio":9.68,
    "current_ratio":1.05,
    "debt_to_asset_ratio":0.95,
    "asset_to_equity_ratio":20.96,
    "debt_to_equity_ratio":19.96,
    "source_sheet":"Sheet1"
  },
  {
    "No":611,
    "registration_id":"105553053659",
    "supplier_id":5273,
    "is_supplier":5273,
    "start_effective_date":"2017-06-01",
    "size":"SS",
    "supplier_name":"บริษัท ไทย มัลติพลาย จำกัด (สำนักงานใหญ่)",
    "registration_date":"2010-04-26",
    "registered_capital":2000000.0,
    "trade_receivables_net":2710581.8399999999,
    "inventory":2224916.0899999999,
    "current_assets":21746659.1799999997,
    "property_plant_equipment":513139.46,
    "non_current_assets":513139.46,
    "total_assets":22259798.6400000006,
    "current_liabilities":1958750.1599999999,
    "non_current_liabilities":12187000.0,
    "total_liabilities":14145750.1600000001,
    "shareholders_equity":8114048.4800000004,
    "liabilities_and_equity":22259798.6400000006,
    "group":1.0,
    "main_revenue":17989818.4299999997,
    "total_revenue_fs":18072706.0799999982,
    "cost_of_goods_sold":5843193.7300000004,
    "gross_profit":0.0,
    "selling_and_admin_expenses":11004161.5899999999,
    "total_expenses":16847355.3200000003,
    "interest_expense":0.0,
    "profit_before_tax":1225350.76,
    "income_tax":0.0,
    "net_profit":1225350.76,
    "no_of_buyer":1,
    "roa_percent":5.64,
    "roe_percent":16.34,
    "gross_profit_margin_percent":0.0,
    "operating_margin_percent":6.78,
    "net_margin_percent":6.78,
    "asset_turnover_ratio":0.83,
    "receivables_turnover_ratio":4.49,
    "inventory_turnover_ratio":4.19,
    "operating_expense_ratio":60.89,
    "current_ratio":11.1,
    "debt_to_asset_ratio":0.64,
    "asset_to_equity_ratio":2.74,
    "debt_to_equity_ratio":1.74,
    "source_sheet":"Sheet1"
  },
  {
    "No":539,
    "registration_id":"105539059068",
    "supplier_id":5528,
    "is_supplier":5528,
    "start_effective_date":"2014-09-01",
    "size":"SS",
    "supplier_name":"บริษัท วาย ไอ เอ แมเนจเม้นท์ จำกัด (สำนักงานใหญ่)",
    "registration_date":"1996-05-22",
    "registered_capital":5000000.0,
    "trade_receivables_net":6139563.7400000002,
    "inventory":1722150.55,
    "current_assets":8174317.9000000004,
    "property_plant_equipment":717091.51,
    "non_current_assets":769947.49,
    "total_assets":8944265.3900000006,
    "current_liabilities":2226585.2799999998,
    "non_current_liabilities":15069910.4800000004,
    "total_liabilities":17296495.7600000016,
    "shareholders_equity":-8352230.3700000001,
    "liabilities_and_equity":8944265.3900000006,
    "group":1.0,
    "main_revenue":17397007.6400000006,
    "total_revenue_fs":17397007.6400000006,
    "cost_of_goods_sold":10411100.8300000001,
    "gross_profit":0.0,
    "selling_and_admin_expenses":4749270.4000000004,
    "total_expenses":15160371.2300000004,
    "interest_expense":72461.78,
    "profit_before_tax":2164174.6299999999,
    "income_tax":0.0,
    "net_profit":2164174.6299999999,
    "no_of_buyer":1,
    "roa_percent":25.9,
    "roe_percent":-22.94,
    "gross_profit_margin_percent":0.0,
    "operating_margin_percent":12.44,
    "net_margin_percent":12.44,
    "asset_turnover_ratio":2.08,
    "receivables_turnover_ratio":3.37,
    "inventory_turnover_ratio":5.9,
    "operating_expense_ratio":27.3,
    "current_ratio":3.67,
    "debt_to_asset_ratio":1.93,
    "asset_to_equity_ratio":-1.07,
    "debt_to_equity_ratio":-2.07,
    "source_sheet":"Sheet1"
  },
  {
    "No":378,
    "registration_id":"105546057733",
    "supplier_id":2028,
    "is_supplier":2028,
    "start_effective_date":"2005-08-01",
    "size":"SS",
    "supplier_name":"บริษัท ดี.บี.เอส. อินดัสทรี จำกัด (สำนักงานใหญ่)",
    "registration_date":"2003-05-20",
    "registered_capital":1000000.0,
    "trade_receivables_net":3798718.8900000001,
    "inventory":0.0,
    "current_assets":3937899.8799999999,
    "property_plant_equipment":4237.31,
    "non_current_assets":5304237.3099999996,
    "total_assets":9242137.1899999995,
    "current_liabilities":2380767.5699999998,
    "non_current_liabilities":378000.0,
    "total_liabilities":2758767.5699999998,
    "shareholders_equity":6483369.6200000001,
    "liabilities_and_equity":9242137.1899999995,
    "group":1.0,
    "main_revenue":17381760.0,
    "total_revenue_fs":17382220.2800000012,
    "cost_of_goods_sold":14115149.8900000006,
    "gross_profit":0.0,
    "selling_and_admin_expenses":2344293.3999999999,
    "total_expenses":16459443.2899999991,
    "interest_expense":0.0,
    "profit_before_tax":922776.99,
    "income_tax":63630.5,
    "net_profit":859146.49,
    "no_of_buyer":1,
    "roa_percent":10.16,
    "roe_percent":14.19,
    "gross_profit_margin_percent":0.0,
    "operating_margin_percent":5.31,
    "net_margin_percent":4.94,
    "asset_turnover_ratio":2.06,
    "receivables_turnover_ratio":4.91,
    "inventory_turnover_ratio":228.84,
    "operating_expense_ratio":13.49,
    "current_ratio":1.65,
    "debt_to_asset_ratio":0.3,
    "asset_to_equity_ratio":1.43,
    "debt_to_equity_ratio":0.43,
    "source_sheet":"Sheet1"
  },
  {
    "No":371,
    "registration_id":"203550003984",
    "supplier_id":5334,
    "is_supplier":5334,
    "start_effective_date":"2012-12-01",
    "size":"SS",
    "supplier_name":"ห้างหุ้นส่วนจำกัด สุรีรัตน์ (สำนักงานใหญ่)",
    "registration_date":"2007-06-25",
    "registered_capital":4000000.0,
    "trade_receivables_net":5119626.1299999999,
    "inventory":0.0,
    "current_assets":5304385.3499999996,
    "property_plant_equipment":213933.13,
    "non_current_assets":1916033.8700000001,
    "total_assets":7220419.2199999997,
    "current_liabilities":288421.09,
    "non_current_liabilities":0.0,
    "total_liabilities":288421.09,
    "shareholders_equity":6931998.1299999999,
    "liabilities_and_equity":7220419.2199999997,
    "group":1.0,
    "main_revenue":17239406.7300000004,
    "total_revenue_fs":17289345.25,
    "cost_of_goods_sold":14949782.1600000001,
    "gross_profit":0.0,
    "selling_and_admin_expenses":1301199.6000000001,
    "total_expenses":16250981.7599999998,
    "interest_expense":0.0,
    "profit_before_tax":1038363.49,
    "income_tax":0.0,
    "net_profit":1038363.49,
    "no_of_buyer":1,
    "roa_percent":15.45,
    "roe_percent":16.19,
    "gross_profit_margin_percent":0.0,
    "operating_margin_percent":6.01,
    "net_margin_percent":6.01,
    "asset_turnover_ratio":2.57,
    "receivables_turnover_ratio":6.75,
    "inventory_turnover_ratio":0.0,
    "operating_expense_ratio":7.53,
    "current_ratio":18.39,
    "debt_to_asset_ratio":0.04,
    "asset_to_equity_ratio":1.04,
    "debt_to_equity_ratio":0.04,
    "source_sheet":"Sheet1"
  },
  {
    "No":559,
    "registration_id":"135553008921",
    "supplier_id":5430,
    "is_supplier":5430,
    "start_effective_date":"2014-04-01",
    "size":"SS",
    "supplier_name":"บริษัท เอสโก้สมุนไพรไทย จำกัด (สำนักงานใหญ่)",
    "registration_date":"2010-07-29",
    "registered_capital":2000000.0,
    "trade_receivables_net":0.0,
    "inventory":0.0,
    "current_assets":39865.49,
    "property_plant_equipment":0.0,
    "non_current_assets":0.0,
    "total_assets":39865.49,
    "current_liabilities":205304.82,
    "non_current_liabilities":0.0,
    "total_liabilities":205304.82,
    "shareholders_equity":-165439.33,
    "liabilities_and_equity":39865.49,
    "group":1.0,
    "main_revenue":17243363.1900000013,
    "total_revenue_fs":17243363.1900000013,
    "cost_of_goods_sold":13899024.7200000007,
    "gross_profit":0.0,
    "selling_and_admin_expenses":3879156.3500000001,
    "total_expenses":17778181.0700000003,
    "interest_expense":0.0,
    "profit_before_tax":-534817.88,
    "income_tax":0.0,
    "net_profit":-534817.88,
    "no_of_buyer":1,
    "roa_percent":-152.97,
    "roe_percent":-524.49,
    "gross_profit_margin_percent":0.0,
    "operating_margin_percent":-3.1,
    "net_margin_percent":-3.1,
    "asset_turnover_ratio":49.32,
    "receivables_turnover_ratio":56.15,
    "inventory_turnover_ratio":0.0,
    "operating_expense_ratio":22.5,
    "current_ratio":0.19,
    "debt_to_asset_ratio":5.15,
    "asset_to_equity_ratio":-0.24,
    "debt_to_equity_ratio":-1.24,
    "source_sheet":"Sheet1"
  },
  {
    "No":463,
    "registration_id":"105546034385",
    "supplier_id":5467,
    "is_supplier":5467,
    "start_effective_date":"2015-01-01",
    "size":"SS",
    "supplier_name":"บริษัท ห้าม้า โอสถ จำกัด (สำนักงานใหญ่)",
    "registration_date":"2003-03-18",
    "registered_capital":1000000.0,
    "trade_receivables_net":3272923.7400000002,
    "inventory":0.0,
    "current_assets":3756999.5699999998,
    "property_plant_equipment":241353.2,
    "non_current_assets":241353.2,
    "total_assets":3998352.77,
    "current_liabilities":1294823.76,
    "non_current_liabilities":0.0,
    "total_liabilities":1294823.76,
    "shareholders_equity":2703529.0099999998,
    "liabilities_and_equity":3998352.77,
    "group":1.0,
    "main_revenue":16225062.1300000008,
    "total_revenue_fs":16225062.1300000008,
    "cost_of_goods_sold":9398232.8100000005,
    "gross_profit":0.0,
    "selling_and_admin_expenses":6230743.1699999999,
    "total_expenses":15628975.9800000004,
    "interest_expense":0.0,
    "profit_before_tax":596086.15,
    "income_tax":0.0,
    "net_profit":596086.15,
    "no_of_buyer":3,
    "roa_percent":16.26,
    "roe_percent":24.78,
    "gross_profit_margin_percent":0.0,
    "operating_margin_percent":3.67,
    "net_margin_percent":3.67,
    "asset_turnover_ratio":4.43,
    "receivables_turnover_ratio":5.38,
    "inventory_turnover_ratio":0.0,
    "operating_expense_ratio":38.4,
    "current_ratio":2.9,
    "debt_to_asset_ratio":0.32,
    "asset_to_equity_ratio":1.48,
    "debt_to_equity_ratio":0.48,
    "source_sheet":"Sheet1"
  },
  {
    "No":567,
    "registration_id":"102502001683",
    "supplier_id":5446,
    "is_supplier":5446,
    "start_effective_date":"2014-03-01",
    "size":"SS",
    "supplier_name":"ห้างหุ้นส่วนสามัญนิติบุคคล โรงงานวิเศษนิยม (สำนักงานใหญ่)",
    "registration_date":"1959-12-22",
    "registered_capital":12500000.0,
    "trade_receivables_net":0.0,
    "inventory":4415451.2199999997,
    "current_assets":4553460.0599999996,
    "property_plant_equipment":3850101.5600000001,
    "non_current_assets":3857201.5600000001,
    "total_assets":8410661.6199999992,
    "current_liabilities":11716539.8900000006,
    "non_current_liabilities":4894743.75,
    "total_liabilities":16611283.6400000006,
    "shareholders_equity":-8200622.0199999996,
    "liabilities_and_equity":8410661.6199999992,
    "group":1.0,
    "main_revenue":16219095.25,
    "total_revenue_fs":16219095.25,
    "cost_of_goods_sold":14692772.2799999993,
    "gross_profit":0.0,
    "selling_and_admin_expenses":3191174.0899999999,
    "total_expenses":17883946.370000001,
    "interest_expense":0.0,
    "profit_before_tax":-1664851.1200000001,
    "income_tax":207488.76,
    "net_profit":-1872339.8799999999,
    "no_of_buyer":1,
    "roa_percent":-22.44,
    "roe_percent":25.77,
    "gross_profit_margin_percent":0.0,
    "operating_margin_percent":-10.26,
    "net_margin_percent":-11.54,
    "asset_turnover_ratio":1.94,
    "receivables_turnover_ratio":0.0,
    "inventory_turnover_ratio":3.68,
    "operating_expense_ratio":19.68,
    "current_ratio":0.39,
    "debt_to_asset_ratio":1.98,
    "asset_to_equity_ratio":-1.03,
    "debt_to_equity_ratio":-2.03,
    "source_sheet":"Sheet1"
  },
  {
    "No":373,
    "registration_id":"105528025132",
    "supplier_id":2087,
    "is_supplier":2087,
    "start_effective_date":"2014-01-01",
    "size":"SS",
    "supplier_name":"บริษัท ไทยชวนพาณิชย์ จำกัด (สำนักงานใหญ่)",
    "registration_date":"1985-07-18",
    "registered_capital":200000.0,
    "trade_receivables_net":2699042.8500000001,
    "inventory":0.0,
    "current_assets":3706579.8700000001,
    "property_plant_equipment":208599.8,
    "non_current_assets":208599.8,
    "total_assets":3915179.6699999999,
    "current_liabilities":1890247.1699999999,
    "non_current_liabilities":0.0,
    "total_liabilities":1890247.1699999999,
    "shareholders_equity":2024932.5,
    "liabilities_and_equity":3915179.6699999999,
    "group":1.0,
    "main_revenue":16002213.4800000004,
    "total_revenue_fs":16004484.9399999995,
    "cost_of_goods_sold":13800777.5299999993,
    "gross_profit":0.0,
    "selling_and_admin_expenses":2142325.8300000001,
    "total_expenses":15943103.3599999994,
    "interest_expense":0.0,
    "profit_before_tax":61381.58,
    "income_tax":0.0,
    "net_profit":61381.58,
    "no_of_buyer":1,
    "roa_percent":1.62,
    "roe_percent":3.08,
    "gross_profit_margin_percent":0.0,
    "operating_margin_percent":0.38,
    "net_margin_percent":0.38,
    "asset_turnover_ratio":4.22,
    "receivables_turnover_ratio":5.88,
    "inventory_turnover_ratio":0.0,
    "operating_expense_ratio":13.39,
    "current_ratio":1.96,
    "debt_to_asset_ratio":0.48,
    "asset_to_equity_ratio":1.93,
    "debt_to_equity_ratio":0.93,
    "source_sheet":"Sheet1"
  },
  {
    "No":489,
    "registration_id":"115535000417",
    "supplier_id":2120,
    "is_supplier":2120,
    "start_effective_date":"2012-05-01",
    "size":"SS",
    "supplier_name":"บริษัท อรรถจิตร์ จำกัด (สำนักงานใหญ่)",
    "registration_date":"1992-01-14",
    "registered_capital":3000000.0,
    "trade_receivables_net":3858161.9900000002,
    "inventory":2507828.3999999999,
    "current_assets":17964679.8500000015,
    "property_plant_equipment":37182.85,
    "non_current_assets":67003.12,
    "total_assets":18031682.9699999988,
    "current_liabilities":1319111.6100000001,
    "non_current_liabilities":0.0,
    "total_liabilities":1319111.6100000001,
    "shareholders_equity":16712571.3599999994,
    "liabilities_and_equity":18031682.9699999988,
    "group":1.0,
    "main_revenue":15391258.2200000007,
    "total_revenue_fs":15488294.5800000001,
    "cost_of_goods_sold":11282907.9700000007,
    "gross_profit":0.0,
    "selling_and_admin_expenses":3640764.21,
    "total_expenses":14923672.1799999997,
    "interest_expense":0.0,
    "profit_before_tax":564622.4,
    "income_tax":0.0,
    "net_profit":564622.4,
    "no_of_buyer":2,
    "roa_percent":3.18,
    "roe_percent":3.44,
    "gross_profit_margin_percent":0.0,
    "operating_margin_percent":3.65,
    "net_margin_percent":3.65,
    "asset_turnover_ratio":0.87,
    "receivables_turnover_ratio":4.13,
    "inventory_turnover_ratio":4.65,
    "operating_expense_ratio":23.51,
    "current_ratio":13.62,
    "debt_to_asset_ratio":0.07,
    "asset_to_equity_ratio":1.08,
    "debt_to_equity_ratio":0.08,
    "source_sheet":"Sheet1"
  },
  {
    "No":403,
    "registration_id":"105551040843",
    "supplier_id":5073,
    "is_supplier":5073,
    "start_effective_date":"2010-04-01",
    "size":"SS",
    "supplier_name":"บริษัท เลนโซ่ เทรดดิ้ง จำกัด (สำนักงานใหญ่)",
    "registration_date":"2008-04-09",
    "registered_capital":1000000.0,
    "trade_receivables_net":6427127.1600000001,
    "inventory":116878.29,
    "current_assets":6798678.8099999996,
    "property_plant_equipment":644720.59,
    "non_current_assets":644720.59,
    "total_assets":7443399.4000000004,
    "current_liabilities":234233.36,
    "non_current_liabilities":7137963.0,
    "total_liabilities":7372196.3600000003,
    "shareholders_equity":71203.04,
    "liabilities_and_equity":7443399.4000000004,
    "group":1.0,
    "main_revenue":15397676.6300000008,
    "total_revenue_fs":15430081.1799999997,
    "cost_of_goods_sold":14379821.0700000003,
    "gross_profit":0.0,
    "selling_and_admin_expenses":1522172.95,
    "total_expenses":15901994.0199999996,
    "interest_expense":14619.0,
    "profit_before_tax":-486531.84,
    "income_tax":0.0,
    "net_profit":-486531.84,
    "no_of_buyer":1,
    "roa_percent":-6.36,
    "roe_percent":-154.72,
    "gross_profit_margin_percent":0.0,
    "operating_margin_percent":-3.15,
    "net_margin_percent":-3.15,
    "asset_turnover_ratio":2.02,
    "receivables_turnover_ratio":2.55,
    "inventory_turnover_ratio":32.8,
    "operating_expense_ratio":9.86,
    "current_ratio":29.03,
    "debt_to_asset_ratio":0.99,
    "asset_to_equity_ratio":104.54,
    "debt_to_equity_ratio":103.54,
    "source_sheet":"Sheet1"
  },
  {
    "No":446,
    "registration_id":"103524010627",
    "supplier_id":5471,
    "is_supplier":5471,
    "start_effective_date":"2014-04-01",
    "size":"SS",
    "supplier_name":"ห้างหุ้นส่วนจำกัด สากลเครื่องเขียนและการพิมพ์ (สำนักงานใหญ่)",
    "registration_date":"1981-06-16",
    "registered_capital":600000.0,
    "trade_receivables_net":1930553.9199999999,
    "inventory":36320.0,
    "current_assets":29181645.0599999987,
    "property_plant_equipment":493106.13,
    "non_current_assets":493106.13,
    "total_assets":29674751.1900000013,
    "current_liabilities":47187.56,
    "non_current_liabilities":0.0,
    "total_liabilities":47187.56,
    "shareholders_equity":29627563.629999999,
    "liabilities_and_equity":29674751.1900000013,
    "group":1.0,
    "main_revenue":15258689.5,
    "total_revenue_fs":15258689.5,
    "cost_of_goods_sold":13663064.9900000002,
    "gross_profit":0.0,
    "selling_and_admin_expenses":939644.76,
    "total_expenses":14602709.75,
    "interest_expense":0.0,
    "profit_before_tax":655979.75,
    "income_tax":0.0,
    "net_profit":655979.75,
    "no_of_buyer":1,
    "roa_percent":2.23,
    "roe_percent":2.24,
    "gross_profit_margin_percent":0.0,
    "operating_margin_percent":4.3,
    "net_margin_percent":4.3,
    "asset_turnover_ratio":0.52,
    "receivables_turnover_ratio":8.11,
    "inventory_turnover_ratio":347.75,
    "operating_expense_ratio":6.16,
    "current_ratio":618.42,
    "debt_to_asset_ratio":0.0,
    "asset_to_equity_ratio":1.0,
    "debt_to_equity_ratio":0.0,
    "source_sheet":"Sheet1"
  },
  {
    "No":787,
    "registration_id":"102496001818",
    "supplier_id":5508,
    "is_supplier":5508,
    "start_effective_date":"2014-07-01",
    "size":"SS",
    "supplier_name":"ห้างหุ้นส่วนสามัญนิติบุคคล เจี้ยฮั้ว (สำนักงานใหญ่)",
    "registration_date":"1953-06-01",
    "registered_capital":5000000.0,
    "trade_receivables_net":1116699.0700000001,
    "inventory":1532159.8999999999,
    "current_assets":3337517.8599999999,
    "property_plant_equipment":2949946.73,
    "non_current_assets":3408823.9700000002,
    "total_assets":6746341.8300000001,
    "current_liabilities":4776001.7699999996,
    "non_current_liabilities":3200000.0,
    "total_liabilities":7976001.7699999996,
    "shareholders_equity":-1229659.9399999999,
    "liabilities_and_equity":6746341.8300000001,
    "group":1.0,
    "main_revenue":14985916.4499999993,
    "total_revenue_fs":15009463.8499999996,
    "cost_of_goods_sold":12825674.3100000005,
    "gross_profit":0.0,
    "selling_and_admin_expenses":2322928.27,
    "total_expenses":15148602.5800000001,
    "interest_expense":0.0,
    "profit_before_tax":-139138.73,
    "income_tax":0.0,
    "net_profit":-139138.73,
    "no_of_buyer":1,
    "roa_percent":-1.85,
    "roe_percent":11.99,
    "gross_profit_margin_percent":0.0,
    "operating_margin_percent":-0.93,
    "net_margin_percent":-0.93,
    "asset_turnover_ratio":2.0,
    "receivables_turnover_ratio":12.38,
    "inventory_turnover_ratio":8.42,
    "operating_expense_ratio":15.48,
    "current_ratio":0.7,
    "debt_to_asset_ratio":1.18,
    "asset_to_equity_ratio":-5.49,
    "debt_to_equity_ratio":-6.49,
    "source_sheet":"Sheet1"
  },
  {
    "No":398,
    "registration_id":"135557000738",
    "supplier_id":489,
    "is_supplier":489,
    "start_effective_date":"2015-09-01",
    "size":"SS",
    "supplier_name":"บริษัท เล่งเกียง จำกัด (สำนักงานใหญ่)",
    "registration_date":"2014-01-13",
    "registered_capital":1000000.0,
    "trade_receivables_net":3466494.8999999999,
    "inventory":1067646.74,
    "current_assets":5727870.0999999996,
    "property_plant_equipment":2760312.25,
    "non_current_assets":2786904.77,
    "total_assets":8514774.8699999992,
    "current_liabilities":1210075.0,
    "non_current_liabilities":6930473.0,
    "total_liabilities":8140548.0,
    "shareholders_equity":374226.87,
    "liabilities_and_equity":8514774.8699999992,
    "group":1.0,
    "main_revenue":14822541.0899999999,
    "total_revenue_fs":14822541.0899999999,
    "cost_of_goods_sold":9930126.4000000004,
    "gross_profit":0.0,
    "selling_and_admin_expenses":4571908.3600000003,
    "total_expenses":14502034.7599999998,
    "interest_expense":18139.08,
    "profit_before_tax":302367.25,
    "income_tax":0.0,
    "net_profit":302367.25,
    "no_of_buyer":1,
    "roa_percent":3.19,
    "roe_percent":135.56,
    "gross_profit_margin_percent":0.0,
    "operating_margin_percent":2.04,
    "net_margin_percent":2.04,
    "asset_turnover_ratio":1.56,
    "receivables_turnover_ratio":2.99,
    "inventory_turnover_ratio":8.87,
    "operating_expense_ratio":30.84,
    "current_ratio":4.73,
    "debt_to_asset_ratio":0.96,
    "asset_to_equity_ratio":22.75,
    "debt_to_equity_ratio":21.75,
    "source_sheet":"Sheet1"
  },
  {
    "No":420,
    "registration_id":"105554003507",
    "supplier_id":5429,
    "is_supplier":5429,
    "start_effective_date":"2014-02-01",
    "size":"SS",
    "supplier_name":"บริษัท ไทยเนเชอร์รอล เอสเซ้นส์ จำกัด (สำนักงานใหญ่)",
    "registration_date":"2011-01-11",
    "registered_capital":1000000.0,
    "trade_receivables_net":1789917.02,
    "inventory":55225.0,
    "current_assets":12019048.9800000004,
    "property_plant_equipment":2942125.1000000001,
    "non_current_assets":2942125.1000000001,
    "total_assets":14961174.0800000001,
    "current_liabilities":914066.27,
    "non_current_liabilities":9152419.3800000008,
    "total_liabilities":10066485.6500000004,
    "shareholders_equity":4894688.4299999997,
    "liabilities_and_equity":14961174.0800000001,
    "group":1.0,
    "main_revenue":13997392.0500000007,
    "total_revenue_fs":14068826.7799999993,
    "cost_of_goods_sold":7449796.29,
    "gross_profit":0.0,
    "selling_and_admin_expenses":2672406.3500000001,
    "total_expenses":10122202.6400000006,
    "interest_expense":36963.36,
    "profit_before_tax":3909660.7799999998,
    "income_tax":0.0,
    "net_profit":3909660.7799999998,
    "no_of_buyer":1,
    "roa_percent":29.08,
    "roe_percent":132.99,
    "gross_profit_margin_percent":0.0,
    "operating_margin_percent":27.79,
    "net_margin_percent":27.79,
    "asset_turnover_ratio":1.05,
    "receivables_turnover_ratio":4.91,
    "inventory_turnover_ratio":226.02,
    "operating_expense_ratio":19.0,
    "current_ratio":13.15,
    "debt_to_asset_ratio":0.67,
    "asset_to_equity_ratio":3.06,
    "debt_to_equity_ratio":2.06,
    "source_sheet":"Sheet1"
  },
  {
    "No":490,
    "registration_id":"105538082449",
    "supplier_id":2192,
    "is_supplier":2192,
    "start_effective_date":"2005-08-01",
    "size":"SS",
    "supplier_name":"บริษัท ริชชี่ คอนเฟ็คชั่นเนอรี่ จำกัด (สำนักงานใหญ่)",
    "registration_date":"1995-07-13",
    "registered_capital":3000000.0,
    "trade_receivables_net":2169358.9399999999,
    "inventory":2035448.6799999999,
    "current_assets":4785704.0599999996,
    "property_plant_equipment":2174199.0,
    "non_current_assets":2294199.0,
    "total_assets":7079903.0599999996,
    "current_liabilities":1116983.5700000001,
    "non_current_liabilities":15676435.1400000006,
    "total_liabilities":16793418.7100000009,
    "shareholders_equity":-9713515.6500000004,
    "liabilities_and_equity":7079903.0599999996,
    "group":1.0,
    "main_revenue":13937609.4000000004,
    "total_revenue_fs":13989485.0500000007,
    "cost_of_goods_sold":7945131.5599999996,
    "gross_profit":0.0,
    "selling_and_admin_expenses":4808518.6900000004,
    "total_expenses":12753650.25,
    "interest_expense":41866.07,
    "profit_before_tax":1193968.73,
    "income_tax":0.0,
    "net_profit":1193968.73,
    "no_of_buyer":1,
    "roa_percent":17.17,
    "roe_percent":-11.58,
    "gross_profit_margin_percent":0.0,
    "operating_margin_percent":8.53,
    "net_margin_percent":8.53,
    "asset_turnover_ratio":2.01,
    "receivables_turnover_ratio":6.45,
    "inventory_turnover_ratio":4.66,
    "operating_expense_ratio":34.37,
    "current_ratio":4.28,
    "debt_to_asset_ratio":2.37,
    "asset_to_equity_ratio":-0.73,
    "debt_to_equity_ratio":-1.73,
    "source_sheet":"Sheet1"
  },
  {
    "No":662,
    "registration_id":"135554015246",
    "supplier_id":5512,
    "is_supplier":5512,
    "start_effective_date":"2014-07-01",
    "size":"SS",
    "supplier_name":"บริษัท สมาร์ทไลฟ์ พลัส จำกัด (สำนักงานใหญ่)",
    "registration_date":"2011-12-22",
    "registered_capital":1000000.0,
    "trade_receivables_net":2239204.8799999999,
    "inventory":3781893.3999999999,
    "current_assets":13656341.4199999999,
    "property_plant_equipment":284358.62,
    "non_current_assets":299892.91,
    "total_assets":13956234.3300000001,
    "current_liabilities":2261955.3199999998,
    "non_current_liabilities":11255048.0800000001,
    "total_liabilities":13517003.4000000004,
    "shareholders_equity":439230.93,
    "liabilities_and_equity":13956234.3300000001,
    "group":1.0,
    "main_revenue":13659313.6400000006,
    "total_revenue_fs":13671719.1300000008,
    "cost_of_goods_sold":7804246.1299999999,
    "gross_profit":0.0,
    "selling_and_admin_expenses":5085693.3200000003,
    "total_expenses":12889939.4499999993,
    "interest_expense":281628.76,
    "profit_before_tax":500150.92,
    "income_tax":0.0,
    "net_profit":500150.92,
    "no_of_buyer":1,
    "roa_percent":5.27,
    "roe_percent":264.41,
    "gross_profit_margin_percent":0.0,
    "operating_margin_percent":3.66,
    "net_margin_percent":3.66,
    "asset_turnover_ratio":1.44,
    "receivables_turnover_ratio":8.3,
    "inventory_turnover_ratio":2.49,
    "operating_expense_ratio":37.2,
    "current_ratio":6.04,
    "debt_to_asset_ratio":0.97,
    "asset_to_equity_ratio":31.77,
    "debt_to_equity_ratio":30.77,
    "source_sheet":"Sheet1"
  },
  {
    "No":407,
    "registration_id":"105551124702",
    "supplier_id":2197,
    "is_supplier":2197,
    "start_effective_date":"2008-01-01",
    "size":"SS",
    "supplier_name":"บริษัท เทพสถิตบุญถาวร จำกัด (สำนักงานใหญ่)",
    "registration_date":"2008-11-07",
    "registered_capital":1000000.0,
    "trade_receivables_net":1698817.6200000001,
    "inventory":0.0,
    "current_assets":3154047.8799999999,
    "property_plant_equipment":25987.01,
    "non_current_assets":25987.01,
    "total_assets":3180034.8900000001,
    "current_liabilities":545716.52,
    "non_current_liabilities":0.0,
    "total_liabilities":545716.52,
    "shareholders_equity":2634318.3700000001,
    "liabilities_and_equity":3180034.8900000001,
    "group":1.0,
    "main_revenue":13633185.3000000007,
    "total_revenue_fs":13633185.3000000007,
    "cost_of_goods_sold":12860909.2599999998,
    "gross_profit":0.0,
    "selling_and_admin_expenses":1329249.9299999999,
    "total_expenses":14190159.1899999995,
    "interest_expense":0.0,
    "profit_before_tax":-556973.89,
    "income_tax":0.0,
    "net_profit":-556973.89,
    "no_of_buyer":1,
    "roa_percent":-16.26,
    "roe_percent":-19.12,
    "gross_profit_margin_percent":0.0,
    "operating_margin_percent":-4.09,
    "net_margin_percent":-4.09,
    "asset_turnover_ratio":3.98,
    "receivables_turnover_ratio":8.33,
    "inventory_turnover_ratio":0.0,
    "operating_expense_ratio":9.75,
    "current_ratio":5.78,
    "debt_to_asset_ratio":0.17,
    "asset_to_equity_ratio":1.21,
    "debt_to_equity_ratio":0.21,
    "source_sheet":"Sheet1"
  },
  {
    "No":410,
    "registration_id":"103556016647",
    "supplier_id":2117,
    "is_supplier":2117,
    "start_effective_date":"2005-08-01",
    "size":"SS",
    "supplier_name":"ห้างหุ้นส่วนจำกัด เค.พี. กรัณย์เพชร (สำนักงานใหญ่)",
    "registration_date":"2013-03-12",
    "registered_capital":400000.0,
    "trade_receivables_net":1884080.73,
    "inventory":0.0,
    "current_assets":3070416.8900000001,
    "property_plant_equipment":388691.02,
    "non_current_assets":389291.02,
    "total_assets":3459707.9100000001,
    "current_liabilities":236437.75,
    "non_current_liabilities":0.0,
    "total_liabilities":236437.75,
    "shareholders_equity":3223270.1600000001,
    "liabilities_and_equity":3459707.9100000001,
    "group":1.0,
    "main_revenue":13024669.8800000008,
    "total_revenue_fs":13030247.5899999999,
    "cost_of_goods_sold":11057848.5199999996,
    "gross_profit":0.0,
    "selling_and_admin_expenses":861756.64,
    "total_expenses":11919605.1600000001,
    "interest_expense":7.35,
    "profit_before_tax":1110635.0800000001,
    "income_tax":0.0,
    "net_profit":1110635.0800000001,
    "no_of_buyer":1,
    "roa_percent":38.13,
    "roe_percent":41.63,
    "gross_profit_margin_percent":0.0,
    "operating_margin_percent":8.52,
    "net_margin_percent":8.52,
    "asset_turnover_ratio":4.47,
    "receivables_turnover_ratio":7.75,
    "inventory_turnover_ratio":0.0,
    "operating_expense_ratio":6.61,
    "current_ratio":12.99,
    "debt_to_asset_ratio":0.07,
    "asset_to_equity_ratio":1.07,
    "debt_to_equity_ratio":0.07,
    "source_sheet":"Sheet1"
  },
  {
    "No":428,
    "registration_id":"105553153742",
    "supplier_id":5641,
    "is_supplier":5641,
    "start_effective_date":"2016-02-01",
    "size":"SS",
    "supplier_name":"บริษัท กรีนฟูดส์ อิมปอร์ต แอนด์ เอ็กซ์ปอร์ต จำกัด (สำนักงานใหญ่)",
    "registration_date":"2010-12-17",
    "registered_capital":1000000.0,
    "trade_receivables_net":6215284.2699999996,
    "inventory":0.0,
    "current_assets":6330358.1299999999,
    "property_plant_equipment":23258.04,
    "non_current_assets":23258.04,
    "total_assets":6353616.1699999999,
    "current_liabilities":4123897.0499999998,
    "non_current_liabilities":0.0,
    "total_liabilities":4123897.0499999998,
    "shareholders_equity":2229719.1200000001,
    "liabilities_and_equity":6353616.1699999999,
    "group":1.0,
    "main_revenue":12890136.0,
    "total_revenue_fs":12890305.8499999996,
    "cost_of_goods_sold":11783088.7899999991,
    "gross_profit":0.0,
    "selling_and_admin_expenses":765608.99,
    "total_expenses":12548697.7799999993,
    "interest_expense":0.0,
    "profit_before_tax":341608.07,
    "income_tax":0.0,
    "net_profit":341608.07,
    "no_of_buyer":1,
    "roa_percent":7.83,
    "roe_percent":16.59,
    "gross_profit_margin_percent":0.0,
    "operating_margin_percent":2.65,
    "net_margin_percent":2.65,
    "asset_turnover_ratio":2.95,
    "receivables_turnover_ratio":4.07,
    "inventory_turnover_ratio":0.0,
    "operating_expense_ratio":5.94,
    "current_ratio":1.54,
    "debt_to_asset_ratio":0.65,
    "asset_to_equity_ratio":2.85,
    "debt_to_equity_ratio":1.85,
    "source_sheet":"Sheet1"
  },
  {
    "No":411,
    "registration_id":"763552000244",
    "supplier_id":5024,
    "is_supplier":5024,
    "start_effective_date":"2009-06-01",
    "size":"SS",
    "supplier_name":"ห้างหุ้นส่วนจำกัด เพชรบ้านแจม (สำนักงานใหญ่)",
    "registration_date":"2009-05-18",
    "registered_capital":1300000.0,
    "trade_receivables_net":673996.37,
    "inventory":984062.9,
    "current_assets":1909930.26,
    "property_plant_equipment":4691.39,
    "non_current_assets":1037225.64,
    "total_assets":2947155.8999999999,
    "current_liabilities":61403.39,
    "non_current_liabilities":0.0,
    "total_liabilities":61403.39,
    "shareholders_equity":2885752.5099999998,
    "liabilities_and_equity":2947155.8999999999,
    "group":1.0,
    "main_revenue":12500080.5600000005,
    "total_revenue_fs":12500655.7799999993,
    "cost_of_goods_sold":10360038.75,
    "gross_profit":0.0,
    "selling_and_admin_expenses":740120.59,
    "total_expenses":11100159.3399999999,
    "interest_expense":0.0,
    "profit_before_tax":1400496.4399999999,
    "income_tax":0.0,
    "net_profit":1400496.4399999999,
    "no_of_buyer":1,
    "roa_percent":62.06,
    "roe_percent":64.08,
    "gross_profit_margin_percent":0.0,
    "operating_margin_percent":11.2,
    "net_margin_percent":11.2,
    "asset_turnover_ratio":5.54,
    "receivables_turnover_ratio":26.82,
    "inventory_turnover_ratio":13.16,
    "operating_expense_ratio":5.92,
    "current_ratio":31.1,
    "debt_to_asset_ratio":0.02,
    "asset_to_equity_ratio":1.02,
    "debt_to_equity_ratio":0.02,
    "source_sheet":"Sheet1"
  },
  {
    "No":419,
    "registration_id":"105533099181",
    "supplier_id":2188,
    "is_supplier":2188,
    "start_effective_date":"2007-05-01",
    "size":"SS",
    "supplier_name":"บริษัท ไผ่กาญจน์ จำกัด (สำนักงานใหญ่)",
    "registration_date":"1990-08-21",
    "registered_capital":1000000.0,
    "trade_receivables_net":2022432.5900000001,
    "inventory":0.0,
    "current_assets":2366646.75,
    "property_plant_equipment":3499375.4300000002,
    "non_current_assets":3499375.4300000002,
    "total_assets":5866022.1799999997,
    "current_liabilities":590471.9300000001,
    "non_current_liabilities":0.0,
    "total_liabilities":590471.9300000001,
    "shareholders_equity":5275550.25,
    "liabilities_and_equity":5866022.1799999997,
    "group":1.0,
    "main_revenue":12180375.0,
    "total_revenue_fs":12180375.0,
    "cost_of_goods_sold":9921204.8800000008,
    "gross_profit":0.0,
    "selling_and_admin_expenses":1696182.6799999999,
    "total_expenses":11617387.5600000005,
    "interest_expense":0.0,
    "profit_before_tax":562987.4399999999,
    "income_tax":0.0,
    "net_profit":562987.4399999999,
    "no_of_buyer":1,
    "roa_percent":8.75,
    "roe_percent":11.27,
    "gross_profit_margin_percent":0.0,
    "operating_margin_percent":4.62,
    "net_margin_percent":4.62,
    "asset_turnover_ratio":1.89,
    "receivables_turnover_ratio":5.29,
    "inventory_turnover_ratio":0.0,
    "operating_expense_ratio":13.93,
    "current_ratio":4.01,
    "debt_to_asset_ratio":0.1,
    "asset_to_equity_ratio":1.11,
    "debt_to_equity_ratio":0.11,
    "source_sheet":"Sheet1"
  },
  {
    "No":426,
    "registration_id":"745558006939",
    "supplier_id":5413,
    "is_supplier":5413,
    "start_effective_date":"2014-01-01",
    "size":"SS",
    "supplier_name":"บริษัท บ้านในสวน จำกัด (สำนักงานใหญ่)",
    "registration_date":"2015-11-06",
    "registered_capital":1000000.0,
    "trade_receivables_net":0.0,
    "inventory":262000.0,
    "current_assets":3438483.4399999999,
    "property_plant_equipment":177236.28,
    "non_current_assets":177236.28,
    "total_assets":3615719.7200000002,
    "current_liabilities":253876.7,
    "non_current_liabilities":1900000.0,
    "total_liabilities":2153876.7000000002,
    "shareholders_equity":1461843.02,
    "liabilities_and_equity":3615719.7200000002,
    "group":1.0,
    "main_revenue":11788362.9100000001,
    "total_revenue_fs":11793911.5399999991,
    "cost_of_goods_sold":10286300.1199999992,
    "gross_profit":0.0,
    "selling_and_admin_expenses":1010928.9,
    "total_expenses":11297229.0199999996,
    "interest_expense":0.0,
    "profit_before_tax":496682.52,
    "income_tax":19839.5,
    "net_profit":476843.02,
    "no_of_buyer":1,
    "roa_percent":20.66,
    "roe_percent":38.98,
    "gross_profit_margin_percent":0.0,
    "operating_margin_percent":4.21,
    "net_margin_percent":4.04,
    "asset_turnover_ratio":5.11,
    "receivables_turnover_ratio":0.0,
    "inventory_turnover_ratio":78.52,
    "operating_expense_ratio":8.57,
    "current_ratio":13.54,
    "debt_to_asset_ratio":0.6,
    "asset_to_equity_ratio":2.47,
    "debt_to_equity_ratio":1.47,
    "source_sheet":"Sheet1"
  },
  {
    "No":513,
    "registration_id":"105551003140",
    "supplier_id":5367,
    "is_supplier":5367,
    "start_effective_date":"2013-04-01",
    "size":"SS",
    "supplier_name":"บริษัท หมอจุฬา จำกัด (สำนักงานใหญ่)",
    "registration_date":"2008-09-01",
    "registered_capital":3000000.0,
    "trade_receivables_net":1652636.96,
    "inventory":1451107.0,
    "current_assets":4112098.8300000001,
    "property_plant_equipment":3430258.2000000002,
    "non_current_assets":3430258.2000000002,
    "total_assets":7542357.0300000003,
    "current_liabilities":586826.0699999999,
    "non_current_liabilities":17959000.0,
    "total_liabilities":18545826.0700000003,
    "shareholders_equity":-11003469.0399999991,
    "liabilities_and_equity":7542357.0300000003,
    "group":1.0,
    "main_revenue":11318893.3200000003,
    "total_revenue_fs":11369185.8000000007,
    "cost_of_goods_sold":4175692.9700000002,
    "gross_profit":0.0,
    "selling_and_admin_expenses":9244477.0299999993,
    "total_expenses":13420170.0,
    "interest_expense":0.0,
    "profit_before_tax":-2050984.2,
    "income_tax":0.0,
    "net_profit":-2050984.2,
    "no_of_buyer":1,
    "roa_percent":-29.06,
    "roe_percent":20.56,
    "gross_profit_margin_percent":0.0,
    "operating_margin_percent":-18.04,
    "net_margin_percent":-18.04,
    "asset_turnover_ratio":1.61,
    "receivables_turnover_ratio":6.35,
    "inventory_turnover_ratio":3.91,
    "operating_expense_ratio":81.31,
    "current_ratio":7.01,
    "debt_to_asset_ratio":2.46,
    "asset_to_equity_ratio":-0.69,
    "debt_to_equity_ratio":-1.69,
    "source_sheet":"Sheet1"
  },
  {
    "No":594,
    "registration_id":"105538019895",
    "supplier_id":96,
    "is_supplier":96,
    "start_effective_date":null,
    "size":"SS",
    "supplier_name":"บริษัท แกรนด์ เพรสซิเด้นท์ กรุ๊ป จำกัด (สำนักงานใหญ่)",
    "registration_date":"1995-02-15",
    "registered_capital":15000000.0,
    "trade_receivables_net":6163151.9199999999,
    "inventory":108115.0,
    "current_assets":6480911.4199999999,
    "property_plant_equipment":4928760.6600000001,
    "non_current_assets":4964024.5599999996,
    "total_assets":11444935.9800000004,
    "current_liabilities":10300477.4100000001,
    "non_current_liabilities":10506343.4000000004,
    "total_liabilities":20806820.8099999987,
    "shareholders_equity":-9361884.8300000001,
    "liabilities_and_equity":11444935.9800000004,
    "group":null,
    "main_revenue":9804832.0899999999,
    "total_revenue_fs":9842113.0999999996,
    "cost_of_goods_sold":0.0,
    "gross_profit":0.0,
    "selling_and_admin_expenses":0.0,
    "total_expenses":11024595.3300000001,
    "interest_expense":6751.7,
    "profit_before_tax":-1189233.9299999999,
    "income_tax":0.0,
    "net_profit":-1189233.9299999999,
    "no_of_buyer":1,
    "roa_percent":-12.09,
    "roe_percent":13.56,
    "gross_profit_margin_percent":0.0,
    "operating_margin_percent":-12.08,
    "net_margin_percent":-12.08,
    "asset_turnover_ratio":1.0,
    "receivables_turnover_ratio":2.46,
    "inventory_turnover_ratio":0.0,
    "operating_expense_ratio":0.0,
    "current_ratio":0.63,
    "debt_to_asset_ratio":1.82,
    "asset_to_equity_ratio":-1.22,
    "debt_to_equity_ratio":-2.22,
    "source_sheet":"Sheet1"
  },
  {
    "No":479,
    "registration_id":"105554083888",
    "supplier_id":5425,
    "is_supplier":5425,
    "start_effective_date":"2014-02-01",
    "size":"SS",
    "supplier_name":"บริษัท การอง มาร์เก็ตติ้ง จำกัด (สำนักงานใหญ่)",
    "registration_date":"2011-06-27",
    "registered_capital":1000000.0,
    "trade_receivables_net":740620.17,
    "inventory":9832698.1699999999,
    "current_assets":11350686.5700000003,
    "property_plant_equipment":246185.58,
    "non_current_assets":246185.58,
    "total_assets":11596872.1500000004,
    "current_liabilities":10159013.3300000001,
    "non_current_liabilities":1847964.04,
    "total_liabilities":12006977.3699999992,
    "shareholders_equity":-410105.22,
    "liabilities_and_equity":11596872.1500000004,
    "group":null,
    "main_revenue":9302725.1400000006,
    "total_revenue_fs":9305726.4199999999,
    "cost_of_goods_sold":8410803.3499999996,
    "gross_profit":0.0,
    "selling_and_admin_expenses":2207029.3999999999,
    "total_expenses":10617832.75,
    "interest_expense":0.0,
    "profit_before_tax":-1312106.3300000001,
    "income_tax":0.0,
    "net_profit":-1312106.3300000001,
    "no_of_buyer":1,
    "roa_percent":-15.92,
    "roe_percent":-533.49,
    "gross_profit_margin_percent":0.0,
    "operating_margin_percent":-14.1,
    "net_margin_percent":-14.1,
    "asset_turnover_ratio":1.13,
    "receivables_turnover_ratio":16.56,
    "inventory_turnover_ratio":1.29,
    "operating_expense_ratio":23.72,
    "current_ratio":1.12,
    "debt_to_asset_ratio":1.04,
    "asset_to_equity_ratio":-28.28,
    "debt_to_equity_ratio":-29.28,
    "source_sheet":"Sheet1"
  },
  {
    "No":562,
    "registration_id":"105553066203",
    "supplier_id":5364,
    "is_supplier":5364,
    "start_effective_date":"2016-10-01",
    "size":"SS",
    "supplier_name":"บริษัท พี แอนด์ พี ฟู้ดแอนด์เบฟเวอเรจ จำกัด (สำนักงานใหญ่)",
    "registration_date":"2010-02-06",
    "registered_capital":1000000.0,
    "trade_receivables_net":2441674.3599999999,
    "inventory":419218.1,
    "current_assets":2945066.1699999999,
    "property_plant_equipment":1261514.5800000001,
    "non_current_assets":1261514.5800000001,
    "total_assets":4206580.75,
    "current_liabilities":2119652.3599999999,
    "non_current_liabilities":286385.9,
    "total_liabilities":2406038.2599999998,
    "shareholders_equity":1800542.49,
    "liabilities_and_equity":4206580.75,
    "group":null,
    "main_revenue":9060006.5099999998,
    "total_revenue_fs":9060534.1500000004,
    "cost_of_goods_sold":5598932.7400000002,
    "gross_profit":0.0,
    "selling_and_admin_expenses":2545530.8799999999,
    "total_expenses":8144463.6200000001,
    "interest_expense":67891.15,
    "profit_before_tax":848179.38,
    "income_tax":0.0,
    "net_profit":848179.38,
    "no_of_buyer":2,
    "roa_percent":22.83,
    "roe_percent":61.62,
    "gross_profit_margin_percent":0.0,
    "operating_margin_percent":9.36,
    "net_margin_percent":9.36,
    "asset_turnover_ratio":2.44,
    "receivables_turnover_ratio":4.28,
    "inventory_turnover_ratio":9.81,
    "operating_expense_ratio":28.09,
    "current_ratio":1.39,
    "debt_to_asset_ratio":0.57,
    "asset_to_equity_ratio":2.34,
    "debt_to_equity_ratio":1.34,
    "source_sheet":"Sheet1"
  },
  {
    "No":580,
    "registration_id":"935553000060",
    "supplier_id":5233,
    "is_supplier":5233,
    "start_effective_date":"2015-11-01",
    "size":"SS",
    "supplier_name":"บริษัท เห็ดทอดนาโหนด ฟู้ดส์ จำกัด (สำนักงานใหญ่)",
    "registration_date":"2010-01-29",
    "registered_capital":1000000.0,
    "trade_receivables_net":683024.0,
    "inventory":605909.59,
    "current_assets":4153847.5600000001,
    "property_plant_equipment":911802.41,
    "non_current_assets":921802.41,
    "total_assets":5075649.9699999997,
    "current_liabilities":3547394.5299999998,
    "non_current_liabilities":0.0,
    "total_liabilities":3547394.5299999998,
    "shareholders_equity":1528255.4399999999,
    "liabilities_and_equity":5075649.9699999997,
    "group":null,
    "main_revenue":8700171.2400000002,
    "total_revenue_fs":8700171.2400000002,
    "cost_of_goods_sold":6902019.9400000004,
    "gross_profit":1798151.3,
    "selling_and_admin_expenses":1405348.6599999999,
    "total_expenses":8307368.5999999996,
    "interest_expense":208210.52,
    "profit_before_tax":184592.12,
    "income_tax":0.0,
    "net_profit":184592.12,
    "no_of_buyer":1,
    "roa_percent":2.1,
    "roe_percent":12.81,
    "gross_profit_margin_percent":20.67,
    "operating_margin_percent":2.12,
    "net_margin_percent":2.12,
    "asset_turnover_ratio":0.99,
    "receivables_turnover_ratio":25.48,
    "inventory_turnover_ratio":10.0,
    "operating_expense_ratio":16.15,
    "current_ratio":1.17,
    "debt_to_asset_ratio":0.7,
    "asset_to_equity_ratio":3.32,
    "debt_to_equity_ratio":2.32,
    "source_sheet":"Sheet1"
  },
  {
    "No":694,
    "registration_id":"503552001471",
    "supplier_id":5634,
    "is_supplier":5634,
    "start_effective_date":"2016-01-01",
    "size":"SS",
    "supplier_name":"หจก.ชัยสิทธิ์ ฤทธา (สำนักงานใหญ่)",
    "registration_date":"2009-03-26",
    "registered_capital":5000000.0,
    "trade_receivables_net":689709.3199999999,
    "inventory":1765040.0,
    "current_assets":2911866.6099999999,
    "property_plant_equipment":15339515.4600000009,
    "non_current_assets":15339515.4600000009,
    "total_assets":18251382.0700000003,
    "current_liabilities":3887869.3300000001,
    "non_current_liabilities":10408527.9199999999,
    "total_liabilities":14296397.25,
    "shareholders_equity":3954984.8199999998,
    "liabilities_and_equity":18251382.0700000003,
    "group":null,
    "main_revenue":8516517.8800000008,
    "total_revenue_fs":8557757.8399999999,
    "cost_of_goods_sold":7218021.9900000002,
    "gross_profit":0.0,
    "selling_and_admin_expenses":1979171.3100000001,
    "total_expenses":9197193.3000000007,
    "interest_expense":774486.92,
    "profit_before_tax":-1413922.3799999999,
    "income_tax":0.0,
    "net_profit":-1413922.3799999999,
    "no_of_buyer":2,
    "roa_percent":-7.74,
    "roe_percent":-30.33,
    "gross_profit_margin_percent":0.0,
    "operating_margin_percent":-16.52,
    "net_margin_percent":-16.52,
    "asset_turnover_ratio":0.47,
    "receivables_turnover_ratio":24.39,
    "inventory_turnover_ratio":4.83,
    "operating_expense_ratio":23.13,
    "current_ratio":0.75,
    "debt_to_asset_ratio":0.78,
    "asset_to_equity_ratio":4.61,
    "debt_to_equity_ratio":3.61,
    "source_sheet":"Sheet1"
  },
  {
    "No":648,
    "registration_id":"105555167635",
    "supplier_id":5649,
    "is_supplier":5649,
    "start_effective_date":"2016-05-01",
    "size":"SS",
    "supplier_name":"บริษัท สมุนไพรไทย หงส์ไทย จำกัด",
    "registration_date":"2012-11-12",
    "registered_capital":1000000.0,
    "trade_receivables_net":455392.0,
    "inventory":3580191.0,
    "current_assets":4186867.4700000002,
    "property_plant_equipment":1195625.3500000001,
    "non_current_assets":1195637.52,
    "total_assets":5382504.9900000002,
    "current_liabilities":2259706.3799999999,
    "non_current_liabilities":6897120.1900000004,
    "total_liabilities":9156826.5700000003,
    "shareholders_equity":-3774321.5800000001,
    "liabilities_and_equity":5382504.9900000002,
    "group":null,
    "main_revenue":8457501.7699999996,
    "total_revenue_fs":8458331.25,
    "cost_of_goods_sold":6560647.5300000003,
    "gross_profit":0.0,
    "selling_and_admin_expenses":3451251.8999999999,
    "total_expenses":10011899.4299999997,
    "interest_expense":0.0,
    "profit_before_tax":-1553568.1799999999,
    "income_tax":0.0,
    "net_profit":-1553568.1799999999,
    "no_of_buyer":1,
    "roa_percent":-30.12,
    "roe_percent":51.83,
    "gross_profit_margin_percent":0.0,
    "operating_margin_percent":-18.37,
    "net_margin_percent":-18.37,
    "asset_turnover_ratio":1.64,
    "receivables_turnover_ratio":19.66,
    "inventory_turnover_ratio":1.93,
    "operating_expense_ratio":40.8,
    "current_ratio":1.85,
    "debt_to_asset_ratio":1.7,
    "asset_to_equity_ratio":-1.43,
    "debt_to_equity_ratio":-2.43,
    "source_sheet":"Sheet1"
  },
  {
    "No":462,
    "registration_id":"105558070608",
    "supplier_id":5277,
    "is_supplier":5277,
    "start_effective_date":"2014-04-01",
    "size":"SS",
    "supplier_name":"บริษัท คิงเฮลธ์ แคร์ จำกัด (สำนักงานใหญ่)",
    "registration_date":"2015-04-27",
    "registered_capital":1000000.0,
    "trade_receivables_net":4555589.4800000004,
    "inventory":443893.6,
    "current_assets":5634286.4900000002,
    "property_plant_equipment":266609.52,
    "non_current_assets":266609.52,
    "total_assets":5900896.0099999998,
    "current_liabilities":1532941.8300000001,
    "non_current_liabilities":0.0,
    "total_liabilities":1532941.8300000001,
    "shareholders_equity":4367954.1799999997,
    "liabilities_and_equity":5900896.0099999998,
    "group":null,
    "main_revenue":8348927.1900000004,
    "total_revenue_fs":8354326.7400000002,
    "cost_of_goods_sold":2697028.6099999999,
    "gross_profit":0.0,
    "selling_and_admin_expenses":2348575.6800000002,
    "total_expenses":5045604.29,
    "interest_expense":0.0,
    "profit_before_tax":3308722.4500000002,
    "income_tax":301088.23,
    "net_profit":3007634.2200000002,
    "no_of_buyer":3,
    "roa_percent":65.49,
    "roe_percent":105.01,
    "gross_profit_margin_percent":0.0,
    "operating_margin_percent":39.6,
    "net_margin_percent":36.0,
    "asset_turnover_ratio":1.82,
    "receivables_turnover_ratio":2.53,
    "inventory_turnover_ratio":12.15,
    "operating_expense_ratio":28.11,
    "current_ratio":3.68,
    "debt_to_asset_ratio":0.26,
    "asset_to_equity_ratio":1.35,
    "debt_to_equity_ratio":0.35,
    "source_sheet":"Sheet1"
  },
  {
    "No":503,
    "registration_id":"715551000226",
    "supplier_id":2017,
    "is_supplier":2017,
    "start_effective_date":"2008-01-01",
    "size":"SS",
    "supplier_name":"บริษัท สยาม บานาน่า จำกัด (สำนักงานใหญ่)",
    "registration_date":"2008-05-13",
    "registered_capital":1000000.0,
    "trade_receivables_net":0.0,
    "inventory":818704.17,
    "current_assets":1008790.9,
    "property_plant_equipment":104734.6,
    "non_current_assets":104734.6,
    "total_assets":1113525.5,
    "current_liabilities":49345.58,
    "non_current_liabilities":181181.63,
    "total_liabilities":230527.21,
    "shareholders_equity":882998.29,
    "liabilities_and_equity":1113525.5,
    "group":null,
    "main_revenue":8093921.7599999998,
    "total_revenue_fs":8094510.7400000002,
    "cost_of_goods_sold":5802593.5999999996,
    "gross_profit":2291328.1600000001,
    "selling_and_admin_expenses":2866555.3300000001,
    "total_expenses":8669148.9299999997,
    "interest_expense":0.0,
    "profit_before_tax":-574638.1899999999,
    "income_tax":0.0,
    "net_profit":-574638.1899999999,
    "no_of_buyer":1,
    "roa_percent":-40.67,
    "roe_percent":-49.1,
    "gross_profit_margin_percent":28.31,
    "operating_margin_percent":-7.1,
    "net_margin_percent":-7.1,
    "asset_turnover_ratio":5.73,
    "receivables_turnover_ratio":0.0,
    "inventory_turnover_ratio":5.24,
    "operating_expense_ratio":35.41,
    "current_ratio":20.44,
    "debt_to_asset_ratio":0.21,
    "asset_to_equity_ratio":1.26,
    "debt_to_equity_ratio":0.26,
    "source_sheet":"Sheet1"
  },
  {
    "No":557,
    "registration_id":"105538006319",
    "supplier_id":2054,
    "is_supplier":2054,
    "start_effective_date":"2005-08-01",
    "size":"SS",
    "supplier_name":"บริษัท เอส.ที.ไอ. มาร์เก็ตติ้ง (1995) จำกัด (สำนักงานใหญ่)",
    "registration_date":"1995-01-13",
    "registered_capital":1000000.0,
    "trade_receivables_net":2636913.48,
    "inventory":2490472.98,
    "current_assets":5132819.9199999999,
    "property_plant_equipment":390481.69,
    "non_current_assets":390481.69,
    "total_assets":5523301.6100000003,
    "current_liabilities":5165918.5899999999,
    "non_current_liabilities":0.0,
    "total_liabilities":5165918.5899999999,
    "shareholders_equity":357383.02,
    "liabilities_and_equity":5523301.6100000003,
    "group":null,
    "main_revenue":5792860.7999999998,
    "total_revenue_fs":5792860.7999999998,
    "cost_of_goods_sold":0.0,
    "gross_profit":0.0,
    "selling_and_admin_expenses":0.0,
    "total_expenses":5730186.1799999997,
    "interest_expense":35753.92,
    "profit_before_tax":26920.7,
    "income_tax":0.0,
    "net_profit":26920.7,
    "no_of_buyer":1,
    "roa_percent":0.58,
    "roe_percent":7.83,
    "gross_profit_margin_percent":0.0,
    "operating_margin_percent":0.46,
    "net_margin_percent":0.46,
    "asset_turnover_ratio":1.24,
    "receivables_turnover_ratio":3.02,
    "inventory_turnover_ratio":0.0,
    "operating_expense_ratio":0.0,
    "current_ratio":0.99,
    "debt_to_asset_ratio":0.94,
    "asset_to_equity_ratio":15.45,
    "debt_to_equity_ratio":14.45,
    "source_sheet":"Sheet1"
  },
  {
    "No":613,
    "registration_id":"403553001476",
    "supplier_id":5208,
    "is_supplier":5208,
    "start_effective_date":"2010-07-01",
    "size":"SS",
    "supplier_name":"ห้างหุ้นส่วนจำกัด บ้านรับทรัพย์ (สำนักงานใหญ่)",
    "registration_date":"2010-05-14",
    "registered_capital":1000000.0,
    "trade_receivables_net":0.0,
    "inventory":0.0,
    "current_assets":3791114.5699999998,
    "property_plant_equipment":65624.97,
    "non_current_assets":65624.97,
    "total_assets":3856739.54,
    "current_liabilities":22947.76,
    "non_current_liabilities":0.0,
    "total_liabilities":22947.76,
    "shareholders_equity":3833791.7799999998,
    "liabilities_and_equity":3856739.54,
    "group":null,
    "main_revenue":3654368.3999999999,
    "total_revenue_fs":3706868.3999999999,
    "cost_of_goods_sold":1219377.8,
    "gross_profit":0.0,
    "selling_and_admin_expenses":301032.06,
    "total_expenses":1520409.8600000001,
    "interest_expense":0.0,
    "profit_before_tax":2186458.54,
    "income_tax":0.0,
    "net_profit":2186458.54,
    "no_of_buyer":1,
    "roa_percent":66.91,
    "roe_percent":67.47,
    "gross_profit_margin_percent":0.0,
    "operating_margin_percent":58.98,
    "net_margin_percent":58.98,
    "asset_turnover_ratio":1.13,
    "receivables_turnover_ratio":0.0,
    "inventory_turnover_ratio":0.0,
    "operating_expense_ratio":8.12,
    "current_ratio":165.21,
    "debt_to_asset_ratio":0.01,
    "asset_to_equity_ratio":1.01,
    "debt_to_equity_ratio":0.01,
    "source_sheet":"Sheet1"
  },
  {
    "No":578,
    "registration_id":"105559067147",
    "supplier_id":122,
    "is_supplier":122,
    "start_effective_date":null,
    "size":"SS",
    "supplier_name":"บริษัท อะธีนา เอเชีย จำกัด (สำนักงานใหญ่)",
    "registration_date":"2016-04-27",
    "registered_capital":5000000.0,
    "trade_receivables_net":4532166.1299999999,
    "inventory":1981190.3999999999,
    "current_assets":8861120.1300000008,
    "property_plant_equipment":1742521.1200000001,
    "non_current_assets":1923997.76,
    "total_assets":10785117.8900000006,
    "current_liabilities":7647581.8099999996,
    "non_current_liabilities":0.0,
    "total_liabilities":7647581.8099999996,
    "shareholders_equity":3137536.0800000001,
    "liabilities_and_equity":10785117.8900000006,
    "group":null,
    "main_revenue":3580782.5299999998,
    "total_revenue_fs":3586644.5,
    "cost_of_goods_sold":2154816.0,
    "gross_profit":0.0,
    "selling_and_admin_expenses":3294292.4199999999,
    "total_expenses":5449108.4199999999,
    "interest_expense":0.0,
    "profit_before_tax":-1862463.9199999999,
    "income_tax":0.0,
    "net_profit":-1862463.9199999999,
    "no_of_buyer":2,
    "roa_percent":-34.54,
    "roe_percent":-118.72,
    "gross_profit_margin_percent":0.0,
    "operating_margin_percent":-51.93,
    "net_margin_percent":-51.93,
    "asset_turnover_ratio":0.67,
    "receivables_turnover_ratio":1.58,
    "inventory_turnover_ratio":2.18,
    "operating_expense_ratio":91.85,
    "current_ratio":1.16,
    "debt_to_asset_ratio":0.71,
    "asset_to_equity_ratio":3.44,
    "debt_to_equity_ratio":2.44,
    "source_sheet":"Sheet1"
  },
  {
    "No":612,
    "registration_id":"105551068527",
    "supplier_id":5077,
    "is_supplier":5077,
    "start_effective_date":"2010-04-01",
    "size":"SS",
    "supplier_name":"บริษัท รุ่งธนาอินเตอร์ฟู้ดส์ จำกัด (สำนักงานใหญ่)",
    "registration_date":"2008-06-27",
    "registered_capital":3000000.0,
    "trade_receivables_net":1065429.8400000001,
    "inventory":866300.0,
    "current_assets":2109456.7400000002,
    "property_plant_equipment":125212.35,
    "non_current_assets":125212.35,
    "total_assets":2234669.0899999999,
    "current_liabilities":174407.14,
    "non_current_liabilities":1158250.0,
    "total_liabilities":1332657.1399999999,
    "shareholders_equity":902011.95,
    "liabilities_and_equity":2234669.0899999999,
    "group":null,
    "main_revenue":3167331.1800000002,
    "total_revenue_fs":3167333.4399999999,
    "cost_of_goods_sold":1610489.25,
    "gross_profit":0.0,
    "selling_and_admin_expenses":910956.02,
    "total_expenses":2521445.27,
    "interest_expense":0.0,
    "profit_before_tax":645888.17,
    "income_tax":0.0,
    "net_profit":645888.17,
    "no_of_buyer":1,
    "roa_percent":34.86,
    "roe_percent":-153.44,
    "gross_profit_margin_percent":0.0,
    "operating_margin_percent":20.39,
    "net_margin_percent":20.39,
    "asset_turnover_ratio":1.71,
    "receivables_turnover_ratio":5.16,
    "inventory_turnover_ratio":1.8,
    "operating_expense_ratio":28.76,
    "current_ratio":12.1,
    "debt_to_asset_ratio":0.6,
    "asset_to_equity_ratio":2.48,
    "debt_to_equity_ratio":1.48,
    "source_sheet":"Sheet1"
  },
  {
    "No":630,
    "registration_id":"105543079302",
    "supplier_id":2100,
    "is_supplier":2100,
    "start_effective_date":"2005-08-01",
    "size":"SS",
    "supplier_name":"บริษัท จิตสุภา จำกัด (สำนักงานใหญ่)",
    "registration_date":"2000-08-23",
    "registered_capital":500000.0,
    "trade_receivables_net":257221.48,
    "inventory":262144.42,
    "current_assets":600401.15,
    "property_plant_equipment":16564.18,
    "non_current_assets":16564.18,
    "total_assets":616965.33,
    "current_liabilities":604738.34,
    "non_current_liabilities":440000.0,
    "total_liabilities":1044738.34,
    "shareholders_equity":-427773.01,
    "liabilities_and_equity":616965.33,
    "group":null,
    "main_revenue":2948922.1499999999,
    "total_revenue_fs":2948999.48,
    "cost_of_goods_sold":2570206.46,
    "gross_profit":0.0,
    "selling_and_admin_expenses":755759.54,
    "total_expenses":3325966.0,
    "interest_expense":0.0,
    "profit_before_tax":-376966.52,
    "income_tax":0.0,
    "net_profit":-376966.52,
    "no_of_buyer":1,
    "roa_percent":-56.39,
    "roe_percent":17.22,
    "gross_profit_margin_percent":0.0,
    "operating_margin_percent":-12.78,
    "net_margin_percent":-12.78,
    "asset_turnover_ratio":4.41,
    "receivables_turnover_ratio":9.77,
    "inventory_turnover_ratio":9.81,
    "operating_expense_ratio":25.63,
    "current_ratio":0.99,
    "debt_to_asset_ratio":1.69,
    "asset_to_equity_ratio":-1.44,
    "debt_to_equity_ratio":-2.44,
    "source_sheet":"Sheet1"
  },
  {
    "No":634,
    "registration_id":"135557015719",
    "supplier_id":2048,
    "is_supplier":2048,
    "start_effective_date":"2008-01-01",
    "size":"SS",
    "supplier_name":"บริษัท ทูบี อินเตอร์ฟู๊ดส์ จำกัด (สำนักงานใหญ่)",
    "registration_date":"2014-09-10",
    "registered_capital":1000000.0,
    "trade_receivables_net":404474.08,
    "inventory":1470205.3,
    "current_assets":1923609.3799999999,
    "property_plant_equipment":1000974.63,
    "non_current_assets":1031452.8,
    "total_assets":2955062.1800000002,
    "current_liabilities":3694772.1400000001,
    "non_current_liabilities":0.0,
    "total_liabilities":3694772.1400000001,
    "shareholders_equity":-739709.96,
    "liabilities_and_equity":2955062.1800000002,
    "group":null,
    "main_revenue":2781069.9199999999,
    "total_revenue_fs":2809994.52,
    "cost_of_goods_sold":2259497.8999999999,
    "gross_profit":0.0,
    "selling_and_admin_expenses":1499687.5800000001,
    "total_expenses":3759185.48,
    "interest_expense":0.0,
    "profit_before_tax":-949190.96,
    "income_tax":0.0,
    "net_profit":-949190.96,
    "no_of_buyer":1,
    "roa_percent":-37.06,
    "roe_percent":358.03,
    "gross_profit_margin_percent":0.0,
    "operating_margin_percent":-33.78,
    "net_margin_percent":-33.78,
    "asset_turnover_ratio":1.1,
    "receivables_turnover_ratio":8.38,
    "inventory_turnover_ratio":2.08,
    "operating_expense_ratio":53.37,
    "current_ratio":0.52,
    "debt_to_asset_ratio":1.25,
    "asset_to_equity_ratio":-3.99,
    "debt_to_equity_ratio":-4.99,
    "source_sheet":"Sheet1"
  },
  {
    "No":477,
    "registration_id":"103546028596",
    "supplier_id":5639,
    "is_supplier":5639,
    "start_effective_date":"2016-04-01",
    "size":"SS",
    "supplier_name":"ห้างหุ้นส่วนจำกัด ห้างขายยาห้องยาเภสัช (สำนักงานใหญ่)",
    "registration_date":"2003-08-25",
    "registered_capital":500000.0,
    "trade_receivables_net":0.0,
    "inventory":458751.0,
    "current_assets":495751.0,
    "property_plant_equipment":480593.91,
    "non_current_assets":480593.91,
    "total_assets":976344.91,
    "current_liabilities":315222.24,
    "non_current_liabilities":231703.45,
    "total_liabilities":546925.6899999999,
    "shareholders_equity":429419.22,
    "liabilities_and_equity":976344.91,
    "group":null,
    "main_revenue":1500081.8700000001,
    "total_revenue_fs":1500081.8700000001,
    "cost_of_goods_sold":585296.0,
    "gross_profit":0.0,
    "selling_and_admin_expenses":1860286.47,
    "total_expenses":2445582.4700000002,
    "interest_expense":2367.06,
    "profit_before_tax":-947867.66,
    "income_tax":0.0,
    "net_profit":-947867.66,
    "no_of_buyer":1,
    "roa_percent":-80.2,
    "roe_percent":-104.93,
    "gross_profit_margin_percent":0.0,
    "operating_margin_percent":-63.19,
    "net_margin_percent":-63.19,
    "asset_turnover_ratio":1.27,
    "receivables_turnover_ratio":0.0,
    "inventory_turnover_ratio":2.39,
    "operating_expense_ratio":124.01,
    "current_ratio":1.57,
    "debt_to_asset_ratio":0.56,
    "asset_to_equity_ratio":2.27,
    "debt_to_equity_ratio":1.27,
    "source_sheet":"Sheet1"
  },
  {
    "No":663,
    "registration_id":"115551012971",
    "supplier_id":5637,
    "is_supplier":5637,
    "start_effective_date":"2016-04-01",
    "size":"S",
    "supplier_name":"บริษัท ขาวละออเภสัช จำกัด (สำนักงานใหญ่)",
    "registration_date":"2008-12-24",
    "registered_capital":9000000.0,
    "trade_receivables_net":26498740.0,
    "inventory":6692914.2400000002,
    "current_assets":41398894.8500000015,
    "property_plant_equipment":23251351.6000000015,
    "non_current_assets":24132443.0599999987,
    "total_assets":65531337.9099999964,
    "current_liabilities":18029325.4600000009,
    "non_current_liabilities":9209160.1799999997,
    "total_liabilities":27238485.6400000006,
    "shareholders_equity":38292852.2700000033,
    "liabilities_and_equity":65531337.9099999964,
    "group":2.0,
    "main_revenue":98894031.5100000054,
    "total_revenue_fs":99405065.4200000018,
    "cost_of_goods_sold":45673002.6499999985,
    "gross_profit":0.0,
    "selling_and_admin_expenses":44014852.25,
    "total_expenses":89687854.900000006,
    "interest_expense":342441.81,
    "profit_before_tax":9374768.7100000009,
    "income_tax":1965594.54,
    "net_profit":7409174.1699999999,
    "no_of_buyer":1,
    "roa_percent":12.95,
    "roe_percent":20.88,
    "gross_profit_margin_percent":0.0,
    "operating_margin_percent":9.43,
    "net_margin_percent":7.45,
    "asset_turnover_ratio":1.74,
    "receivables_turnover_ratio":4.28,
    "inventory_turnover_ratio":7.72,
    "operating_expense_ratio":44.28,
    "current_ratio":2.3,
    "debt_to_asset_ratio":0.42,
    "asset_to_equity_ratio":1.71,
    "debt_to_equity_ratio":0.71,
    "source_sheet":"Sheet1"
  },
  {
    "No":197,
    "registration_id":"105538037729",
    "supplier_id":471,
    "is_supplier":471,
    "start_effective_date":"2005-08-01",
    "size":"S",
    "supplier_name":"บริษัท สยามยูนิทูลส์ จำกัด (สำนักงานใหญ่)",
    "registration_date":"1995-03-23",
    "registered_capital":1000000.0,
    "trade_receivables_net":16882235.4400000013,
    "inventory":7817606.6399999997,
    "current_assets":26761037.0100000016,
    "property_plant_equipment":671085.73,
    "non_current_assets":1048735.73,
    "total_assets":27809772.7399999984,
    "current_liabilities":6733147.0800000001,
    "non_current_liabilities":3676185.8500000001,
    "total_liabilities":10409332.9299999997,
    "shareholders_equity":17400439.8099999987,
    "liabilities_and_equity":27809772.7399999984,
    "group":2.0,
    "main_revenue":98296609.25,
    "total_revenue_fs":99305854.0100000054,
    "cost_of_goods_sold":67190279.0600000024,
    "gross_profit":31106330.1900000013,
    "selling_and_admin_expenses":30802314.0899999999,
    "total_expenses":98019651.349999994,
    "interest_expense":101145.14,
    "profit_before_tax":1185057.52,
    "income_tax":223944.59,
    "net_profit":961112.9300000001,
    "no_of_buyer":4,
    "roa_percent":3.44,
    "roe_percent":5.68,
    "gross_profit_margin_percent":31.32,
    "operating_margin_percent":1.19,
    "net_margin_percent":0.97,
    "asset_turnover_ratio":3.56,
    "receivables_turnover_ratio":5.48,
    "inventory_turnover_ratio":9.58,
    "operating_expense_ratio":31.02,
    "current_ratio":3.97,
    "debt_to_asset_ratio":0.37,
    "asset_to_equity_ratio":1.6,
    "debt_to_equity_ratio":0.6,
    "source_sheet":"Sheet1"
  },
  {
    "No":131,
    "registration_id":"105537033002",
    "supplier_id":2179,
    "is_supplier":2179,
    "start_effective_date":"2005-08-01",
    "size":"S",
    "supplier_name":"บริษัท ที.ดี.ซัพพลาย (1994) จำกัด (สำนักงานใหญ่)",
    "registration_date":"1994-03-18",
    "registered_capital":1000000.0,
    "trade_receivables_net":27180894.7600000016,
    "inventory":4310221.9400000004,
    "current_assets":39540587.75,
    "property_plant_equipment":590123.11,
    "non_current_assets":590123.11,
    "total_assets":40130710.8599999994,
    "current_liabilities":14963198.8699999992,
    "non_current_liabilities":0.0,
    "total_liabilities":14963198.8699999992,
    "shareholders_equity":25167511.9899999984,
    "liabilities_and_equity":40130710.8599999994,
    "group":2.0,
    "main_revenue":94741385.7399999946,
    "total_revenue_fs":94894925.0600000024,
    "cost_of_goods_sold":77970986.8199999928,
    "gross_profit":0.0,
    "selling_and_admin_expenses":9139871.0800000001,
    "total_expenses":87110857.900000006,
    "interest_expense":0.0,
    "profit_before_tax":7784067.1600000001,
    "income_tax":1558752.4299999999,
    "net_profit":6225314.7300000004,
    "no_of_buyer":1,
    "roa_percent":16.22,
    "roe_percent":26.71,
    "gross_profit_margin_percent":0.0,
    "operating_margin_percent":8.2,
    "net_margin_percent":6.56,
    "asset_turnover_ratio":2.47,
    "receivables_turnover_ratio":3.67,
    "inventory_turnover_ratio":15.98,
    "operating_expense_ratio":9.63,
    "current_ratio":2.64,
    "debt_to_asset_ratio":0.37,
    "asset_to_equity_ratio":1.59,
    "debt_to_equity_ratio":0.59,
    "source_sheet":"Sheet1"
  },
  {
    "No":191,
    "registration_id":"245538000557",
    "supplier_id":2077,
    "is_supplier":2077,
    "start_effective_date":"2005-08-01",
    "size":"S",
    "supplier_name":"บริษัท ผลไม้แปรรูปวรพร จำกัด (สำนักงานใหญ่)",
    "registration_date":"1995-03-07",
    "registered_capital":15000000.0,
    "trade_receivables_net":15511925.4100000001,
    "inventory":15792836.9199999999,
    "current_assets":33362864.7199999988,
    "property_plant_equipment":31677416.7899999991,
    "non_current_assets":31917276.7899999991,
    "total_assets":65280141.5099999979,
    "current_liabilities":47045439.1499999985,
    "non_current_liabilities":3554005.98,
    "total_liabilities":50599445.1300000027,
    "shareholders_equity":14680696.3800000008,
    "liabilities_and_equity":65280141.5099999979,
    "group":2.0,
    "main_revenue":94579362.549999997,
    "total_revenue_fs":94792323.1099999994,
    "cost_of_goods_sold":71826605.7399999946,
    "gross_profit":0.0,
    "selling_and_admin_expenses":16276746.9900000002,
    "total_expenses":88104001.7300000042,
    "interest_expense":2222045.1899999999,
    "profit_before_tax":4466276.1900000004,
    "income_tax":807975.14,
    "net_profit":3658301.0499999998,
    "no_of_buyer":1,
    "roa_percent":6.26,
    "roe_percent":28.47,
    "gross_profit_margin_percent":0.0,
    "operating_margin_percent":4.71,
    "net_margin_percent":3.86,
    "asset_turnover_ratio":1.62,
    "receivables_turnover_ratio":6.33,
    "inventory_turnover_ratio":6.07,
    "operating_expense_ratio":17.17,
    "current_ratio":0.71,
    "debt_to_asset_ratio":0.78,
    "asset_to_equity_ratio":4.45,
    "debt_to_equity_ratio":3.45,
    "source_sheet":"Sheet1"
  },
  {
    "No":172,
    "registration_id":"105548150056",
    "supplier_id":3073,
    "is_supplier":3073,
    "start_effective_date":"2008-12-01",
    "size":"S",
    "supplier_name":"บริษัท ไทยอินโนฟู้ด จำกัด (สำนักงานใหญ่)",
    "registration_date":"2005-11-15",
    "registered_capital":15000000.0,
    "trade_receivables_net":16088191.6099999994,
    "inventory":5324403.21,
    "current_assets":21731595.8099999987,
    "property_plant_equipment":72766159.6400000006,
    "non_current_assets":73291936.450000003,
    "total_assets":95023532.2600000054,
    "current_liabilities":32918715.4200000018,
    "non_current_liabilities":38007463.0300000012,
    "total_liabilities":70926178.450000003,
    "shareholders_equity":24097353.8099999987,
    "liabilities_and_equity":95023532.2600000054,
    "group":2.0,
    "main_revenue":94367831.0699999928,
    "total_revenue_fs":94368383.099999994,
    "cost_of_goods_sold":76299185.8700000048,
    "gross_profit":0.0,
    "selling_and_admin_expenses":14507261.5199999996,
    "total_expenses":90806447.3900000006,
    "interest_expense":1683593.9299999999,
    "profit_before_tax":1878341.78,
    "income_tax":351594.6,
    "net_profit":1526747.1799999999,
    "no_of_buyer":1,
    "roa_percent":1.91,
    "roe_percent":9.07,
    "gross_profit_margin_percent":0.0,
    "operating_margin_percent":1.99,
    "net_margin_percent":1.62,
    "asset_turnover_ratio":1.18,
    "receivables_turnover_ratio":7.99,
    "inventory_turnover_ratio":16.15,
    "operating_expense_ratio":15.37,
    "current_ratio":0.66,
    "debt_to_asset_ratio":0.75,
    "asset_to_equity_ratio":3.94,
    "debt_to_equity_ratio":2.94,
    "source_sheet":"Sheet1"
  },
  {
    "No":640,
    "registration_id":"105544060401",
    "supplier_id":5477,
    "is_supplier":5477,
    "start_effective_date":"2014-05-01",
    "size":"S",
    "supplier_name":"บริษัท ชุมเอกชูโชค จำกัด (สำนักงานใหญ่)",
    "registration_date":"2001-06-28",
    "registered_capital":20000000.0,
    "trade_receivables_net":30559054.0599999987,
    "inventory":600812.0,
    "current_assets":31425262.5700000003,
    "property_plant_equipment":32100909.4299999997,
    "non_current_assets":71426242.450000003,
    "total_assets":102851505.0199999958,
    "current_liabilities":48640160.1300000027,
    "non_current_liabilities":13645132.5399999991,
    "total_liabilities":62285292.6700000018,
    "shareholders_equity":40566212.3500000015,
    "liabilities_and_equity":102851505.0199999958,
    "group":2.0,
    "main_revenue":92584034.2800000012,
    "total_revenue_fs":93339884.849999994,
    "cost_of_goods_sold":63316800.0900000036,
    "gross_profit":0.0,
    "selling_and_admin_expenses":14777474.5199999996,
    "total_expenses":78094274.6099999994,
    "interest_expense":1456206.0700000001,
    "profit_before_tax":13789404.1699999999,
    "income_tax":2869932.73,
    "net_profit":10919471.4399999995,
    "no_of_buyer":1,
    "roa_percent":10.91,
    "roe_percent":31.1,
    "gross_profit_margin_percent":0.0,
    "operating_margin_percent":14.77,
    "net_margin_percent":11.7,
    "asset_turnover_ratio":0.93,
    "receivables_turnover_ratio":2.99,
    "inventory_turnover_ratio":106.24,
    "operating_expense_ratio":15.83,
    "current_ratio":0.65,
    "debt_to_asset_ratio":0.61,
    "asset_to_equity_ratio":2.54,
    "debt_to_equity_ratio":1.54,
    "source_sheet":"Sheet1"
  },
  {
    "No":499,
    "registration_id":"105537118857",
    "supplier_id":997,
    "is_supplier":997,
    "start_effective_date":"2015-10-01",
    "size":"S",
    "supplier_name":"บริษัท มิตรพล พลาสติก จำกัด (สำนักงานใหญ่)",
    "registration_date":"1994-05-10",
    "registered_capital":15000000.0,
    "trade_receivables_net":10284544.9800000004,
    "inventory":3485906.1000000001,
    "current_assets":17450698.6099999994,
    "property_plant_equipment":51861719.0200000033,
    "non_current_assets":52928437.6199999973,
    "total_assets":70379136.2300000042,
    "current_liabilities":31668986.2100000009,
    "non_current_liabilities":13806574.5299999993,
    "total_liabilities":45475560.7400000021,
    "shareholders_equity":24903575.4899999984,
    "liabilities_and_equity":70379136.2300000042,
    "group":2.0,
    "main_revenue":92151697.2699999958,
    "total_revenue_fs":92266176.2699999958,
    "cost_of_goods_sold":79423801.4800000042,
    "gross_profit":0.0,
    "selling_and_admin_expenses":7046934.25,
    "total_expenses":86470735.7300000042,
    "interest_expense":1540312.71,
    "profit_before_tax":4255127.8300000001,
    "income_tax":790560.59,
    "net_profit":3464567.2400000002,
    "no_of_buyer":1,
    "roa_percent":4.92,
    "roe_percent":14.95,
    "gross_profit_margin_percent":0.0,
    "operating_margin_percent":4.61,
    "net_margin_percent":3.76,
    "asset_turnover_ratio":1.31,
    "receivables_turnover_ratio":8.88,
    "inventory_turnover_ratio":14.58,
    "operating_expense_ratio":7.64,
    "current_ratio":0.55,
    "debt_to_asset_ratio":0.65,
    "asset_to_equity_ratio":2.83,
    "debt_to_equity_ratio":1.83,
    "source_sheet":"Sheet1"
  },
  {
    "No":294,
    "registration_id":"105543091477",
    "supplier_id":64,
    "is_supplier":64,
    "start_effective_date":"2005-08-01",
    "size":"S",
    "supplier_name":"บริษัท เฮลิก วาสเซอร์ ฟูดโปรดักส์ จำกัด (สำนักงานใหญ่)",
    "registration_date":"2000-09-28",
    "registered_capital":10000000.0,
    "trade_receivables_net":30116482.1499999985,
    "inventory":0.0,
    "current_assets":30976742.5700000003,
    "property_plant_equipment":16680078.5399999991,
    "non_current_assets":16682496.0500000007,
    "total_assets":47659238.6199999973,
    "current_liabilities":41252098.1700000018,
    "non_current_liabilities":2397959.5800000001,
    "total_liabilities":43650057.75,
    "shareholders_equity":4009180.8700000001,
    "liabilities_and_equity":47659238.6199999973,
    "group":2.0,
    "main_revenue":90800199.6599999964,
    "total_revenue_fs":90800199.6599999964,
    "cost_of_goods_sold":67606549.299999997,
    "gross_profit":0.0,
    "selling_and_admin_expenses":22036349.879999999,
    "total_expenses":89642899.1800000072,
    "interest_expense":201610.07,
    "profit_before_tax":955690.41,
    "income_tax":239572.67,
    "net_profit":716117.74,
    "no_of_buyer":2,
    "roa_percent":1.53,
    "roe_percent":19.61,
    "gross_profit_margin_percent":0.0,
    "operating_margin_percent":1.05,
    "net_margin_percent":0.79,
    "asset_turnover_ratio":1.94,
    "receivables_turnover_ratio":3.1,
    "inventory_turnover_ratio":15.02,
    "operating_expense_ratio":24.27,
    "current_ratio":0.75,
    "debt_to_asset_ratio":0.92,
    "asset_to_equity_ratio":11.89,
    "debt_to_equity_ratio":10.89,
    "source_sheet":"Sheet1"
  },
  {
    "No":201,
    "registration_id":"105549046651",
    "supplier_id":544,
    "is_supplier":544,
    "start_effective_date":"2007-02-01",
    "size":"S",
    "supplier_name":"บริษัท 3 เอ็ม ฟูด โปรดัก จำกัด (สำนักงานใหญ่)",
    "registration_date":"2006-07-04",
    "registered_capital":3000000.0,
    "trade_receivables_net":22381247.7699999996,
    "inventory":8481494.6899999995,
    "current_assets":38866605.0200000033,
    "property_plant_equipment":793742.14,
    "non_current_assets":4403087.9299999997,
    "total_assets":43269692.950000003,
    "current_liabilities":36042687.5,
    "non_current_liabilities":4224149.54,
    "total_liabilities":40266837.0399999991,
    "shareholders_equity":3002855.9100000001,
    "liabilities_and_equity":43269692.950000003,
    "group":2.0,
    "main_revenue":88422630.5300000012,
    "total_revenue_fs":90526466.0300000012,
    "cost_of_goods_sold":64453917.2100000009,
    "gross_profit":0.0,
    "selling_and_admin_expenses":22877107.8999999985,
    "total_expenses":87331025.1099999994,
    "interest_expense":1201456.47,
    "profit_before_tax":1993984.45,
    "income_tax":22455.71,
    "net_profit":1971528.74,
    "no_of_buyer":3,
    "roa_percent":5.25,
    "roe_percent":97.74,
    "gross_profit_margin_percent":0.0,
    "operating_margin_percent":2.2,
    "net_margin_percent":2.18,
    "asset_turnover_ratio":2.41,
    "receivables_turnover_ratio":4.55,
    "inventory_turnover_ratio":9.78,
    "operating_expense_ratio":25.27,
    "current_ratio":1.08,
    "debt_to_asset_ratio":0.93,
    "asset_to_equity_ratio":14.41,
    "debt_to_equity_ratio":13.41,
    "source_sheet":"Sheet1"
  },
  {
    "No":196,
    "registration_id":"105552121359",
    "supplier_id":5390,
    "is_supplier":5390,
    "start_effective_date":"2013-09-01",
    "size":"S",
    "supplier_name":"บริษัท เดียร์ ดิ เทรดดิ้ง จำกัด (สำนักงานใหญ่)",
    "registration_date":"2009-11-09",
    "registered_capital":5000000.0,
    "trade_receivables_net":29473026.3999999985,
    "inventory":8627446.0199999996,
    "current_assets":48192134.3500000015,
    "property_plant_equipment":9009944.1300000008,
    "non_current_assets":9074944.1300000008,
    "total_assets":57267078.4799999967,
    "current_liabilities":31559834.2100000009,
    "non_current_liabilities":3540013.0600000001,
    "total_liabilities":35099847.2700000033,
    "shareholders_equity":22167231.2100000009,
    "liabilities_and_equity":57267078.4799999967,
    "group":2.0,
    "main_revenue":89505263.3900000006,
    "total_revenue_fs":89818304.7699999958,
    "cost_of_goods_sold":45520289.5099999979,
    "gross_profit":43984973.8800000027,
    "selling_and_admin_expenses":30600559.6400000006,
    "total_expenses":76120849.150000006,
    "interest_expense":853419.9300000001,
    "profit_before_tax":12844035.6899999995,
    "income_tax":2574296.0600000001,
    "net_profit":10269739.6300000008,
    "no_of_buyer":1,
    "roa_percent":22.51,
    "roe_percent":60.3,
    "gross_profit_margin_percent":48.97,
    "operating_margin_percent":14.3,
    "net_margin_percent":11.43,
    "asset_turnover_ratio":1.97,
    "receivables_turnover_ratio":3.31,
    "inventory_turnover_ratio":6.67,
    "operating_expense_ratio":34.07,
    "current_ratio":1.53,
    "debt_to_asset_ratio":0.61,
    "asset_to_equity_ratio":2.58,
    "debt_to_equity_ratio":1.58,
    "source_sheet":"Sheet1"
  },
  {
    "No":364,
    "registration_id":"103527003192",
    "supplier_id":2151,
    "is_supplier":2151,
    "start_effective_date":"2005-08-01",
    "size":"S",
    "supplier_name":"ห้างหุ้นส่วนจำกัด บี.ซี. เทรดดิ้ง (สำนักงานใหญ่)",
    "registration_date":"1984-02-02",
    "registered_capital":5000000.0,
    "trade_receivables_net":18595013.9200000018,
    "inventory":18541559.0199999996,
    "current_assets":39271311.6300000027,
    "property_plant_equipment":5533169.0599999996,
    "non_current_assets":5533169.0599999996,
    "total_assets":44804480.6899999976,
    "current_liabilities":9581420.4399999995,
    "non_current_liabilities":7000000.0,
    "total_liabilities":16581420.4399999995,
    "shareholders_equity":28223060.25,
    "liabilities_and_equity":44804480.6899999976,
    "group":2.0,
    "main_revenue":85701844.3100000024,
    "total_revenue_fs":85756455.8599999994,
    "cost_of_goods_sold":65744503.8599999994,
    "gross_profit":0.0,
    "selling_and_admin_expenses":16582920.6799999997,
    "total_expenses":82327424.5400000066,
    "interest_expense":28114.9,
    "profit_before_tax":3400916.4199999999,
    "income_tax":682423.75,
    "net_profit":2718492.6699999999,
    "no_of_buyer":2,
    "roa_percent":5.28,
    "roe_percent":10.12,
    "gross_profit_margin_percent":0.0,
    "operating_margin_percent":3.97,
    "net_margin_percent":3.17,
    "asset_turnover_ratio":1.67,
    "receivables_turnover_ratio":4.85,
    "inventory_turnover_ratio":2.91,
    "operating_expense_ratio":19.34,
    "current_ratio":4.1,
    "debt_to_asset_ratio":0.37,
    "asset_to_equity_ratio":1.59,
    "debt_to_equity_ratio":0.59,
    "source_sheet":"Sheet1"
  },
  {
    "No":142,
    "registration_id":"105542090281",
    "supplier_id":5557,
    "is_supplier":5557,
    "start_effective_date":"2014-12-01",
    "size":"S",
    "supplier_name":"บริษัท ไดมอนด์ พี.วี จำกัด (สำนักงานใหญ่)",
    "registration_date":"1999-11-22",
    "registered_capital":1000000.0,
    "trade_receivables_net":0.0,
    "inventory":0.0,
    "current_assets":0.0,
    "property_plant_equipment":0.0,
    "non_current_assets":0.0,
    "total_assets":0.0,
    "current_liabilities":0.0,
    "non_current_liabilities":0.0,
    "total_liabilities":0.0,
    "shareholders_equity":0.0,
    "liabilities_and_equity":0.0,
    "group":2.0,
    "main_revenue":94053209.4899999946,
    "total_revenue_fs":85679740.7800000012,
    "cost_of_goods_sold":0.0,
    "gross_profit":6671877.6500000004,
    "selling_and_admin_expenses":92351618.4300000072,
    "total_expenses":374.5,
    "interest_expense":1701216.5600000001,
    "profit_before_tax":383355.56,
    "income_tax":1317861.0,
    "net_profit":94053209.4899999946,
    "no_of_buyer":1,
    "roa_percent":0.0,
    "roe_percent":0.0,
    "gross_profit_margin_percent":0.0,
    "operating_margin_percent":0.0,
    "net_margin_percent":0.0,
    "asset_turnover_ratio":0.0,
    "receivables_turnover_ratio":0.0,
    "inventory_turnover_ratio":0.0,
    "operating_expense_ratio":0.0,
    "current_ratio":0.0,
    "debt_to_asset_ratio":0.0,
    "asset_to_equity_ratio":0.0,
    "debt_to_equity_ratio":0.0,
    "source_sheet":"Sheet1"
  },
  {
    "No":290,
    "registration_id":"105549055626",
    "supplier_id":3052,
    "is_supplier":3052,
    "start_effective_date":"2008-10-01",
    "size":"S",
    "supplier_name":"บริษัท สยามเฟิสท์ กรุ๊ป จำกัด (สำนักงานใหญ่)",
    "registration_date":"2006-05-03",
    "registered_capital":5000000.0,
    "trade_receivables_net":14807884.5299999993,
    "inventory":1577714.74,
    "current_assets":22330733.7199999988,
    "property_plant_equipment":6354746.6100000003,
    "non_current_assets":6354746.6100000003,
    "total_assets":28685480.3299999982,
    "current_liabilities":22037901.75,
    "non_current_liabilities":2285375.0600000001,
    "total_liabilities":24323276.8099999987,
    "shareholders_equity":4362203.5199999996,
    "liabilities_and_equity":28685480.3299999982,
    "group":2.0,
    "main_revenue":85505106.5,
    "total_revenue_fs":85606632.200000003,
    "cost_of_goods_sold":75135184.4699999988,
    "gross_profit":0.0,
    "selling_and_admin_expenses":13074496.9800000004,
    "total_expenses":88209681.450000003,
    "interest_expense":0.0,
    "profit_before_tax":-2603049.25,
    "income_tax":0.0,
    "net_profit":-2603049.25,
    "no_of_buyer":1,
    "roa_percent":-9.49,
    "roe_percent":-45.96,
    "gross_profit_margin_percent":0.0,
    "operating_margin_percent":-3.04,
    "net_margin_percent":-3.04,
    "asset_turnover_ratio":3.12,
    "receivables_turnover_ratio":6.15,
    "inventory_turnover_ratio":43.5,
    "operating_expense_ratio":15.27,
    "current_ratio":1.01,
    "debt_to_asset_ratio":0.85,
    "asset_to_equity_ratio":6.58,
    "debt_to_equity_ratio":5.58,
    "source_sheet":"Sheet1"
  },
  {
    "No":800,
    "registration_id":"135554015203",
    "supplier_id":117,
    "is_supplier":117,
    "start_effective_date":null,
    "size":"S",
    "supplier_name":"บริษัท บิลเลียนแนร์เฮิร์บส์ จำกัด (สำนักงานใหญ่)",
    "registration_date":"2011-12-20",
    "registered_capital":1000000.0,
    "trade_receivables_net":3725600.6000000001,
    "inventory":469750.8,
    "current_assets":6081534.8499999996,
    "property_plant_equipment":10959500.0800000001,
    "non_current_assets":10963500.0800000001,
    "total_assets":17045034.9299999997,
    "current_liabilities":1988757.6699999999,
    "non_current_liabilities":6261891.21,
    "total_liabilities":8250648.8799999999,
    "shareholders_equity":8794386.0500000007,
    "liabilities_and_equity":17045034.9299999997,
    "group":2.0,
    "main_revenue":84195013.549999997,
    "total_revenue_fs":84238528.2800000012,
    "cost_of_goods_sold":56853011.200000003,
    "gross_profit":0.0,
    "selling_and_admin_expenses":25107049.5,
    "total_expenses":81960060.700000003,
    "interest_expense":214968.03,
    "profit_before_tax":2063499.55,
    "income_tax":427228.56,
    "net_profit":1636270.99,
    "no_of_buyer":1,
    "roa_percent":8.87,
    "roe_percent":20.51,
    "gross_profit_margin_percent":0.0,
    "operating_margin_percent":2.45,
    "net_margin_percent":1.94,
    "asset_turnover_ratio":4.57,
    "receivables_turnover_ratio":31.88,
    "inventory_turnover_ratio":34.62,
    "operating_expense_ratio":29.8,
    "current_ratio":3.06,
    "debt_to_asset_ratio":0.48,
    "asset_to_equity_ratio":1.94,
    "debt_to_equity_ratio":0.94,
    "source_sheet":"Sheet1"
  },
  {
    "No":498,
    "registration_id":"165554000109",
    "supplier_id":5548,
    "is_supplier":5548,
    "start_effective_date":"2014-11-01",
    "size":"S",
    "supplier_name":"บริษัท สมุนไพรตราหมอจุฬา จำกัด (สำนักงานใหญ่)",
    "registration_date":"2011-07-03",
    "registered_capital":1000000.0,
    "trade_receivables_net":0.0,
    "inventory":7421690.7599999998,
    "current_assets":7554907.0599999996,
    "property_plant_equipment":63277.52,
    "non_current_assets":3707180.3199999998,
    "total_assets":11262087.3800000008,
    "current_liabilities":3993027.77,
    "non_current_liabilities":0.0,
    "total_liabilities":3993027.77,
    "shareholders_equity":7269059.6100000003,
    "liabilities_and_equity":11262087.3800000008,
    "group":2.0,
    "main_revenue":82609814.0199999958,
    "total_revenue_fs":82609814.0199999958,
    "cost_of_goods_sold":69104258.1299999952,
    "gross_profit":0.0,
    "selling_and_admin_expenses":11532770.6899999995,
    "total_expenses":80637028.8199999928,
    "interest_expense":0.0,
    "profit_before_tax":1972785.2,
    "income_tax":394557.04,
    "net_profit":1578228.1599999999,
    "no_of_buyer":4,
    "roa_percent":14.46,
    "roe_percent":24.36,
    "gross_profit_margin_percent":0.0,
    "operating_margin_percent":2.39,
    "net_margin_percent":1.91,
    "asset_turnover_ratio":7.57,
    "receivables_turnover_ratio":0.0,
    "inventory_turnover_ratio":11.59,
    "operating_expense_ratio":13.96,
    "current_ratio":1.89,
    "debt_to_asset_ratio":0.35,
    "asset_to_equity_ratio":1.55,
    "debt_to_equity_ratio":0.55,
    "source_sheet":"Sheet1"
  },
  {
    "No":571,
    "registration_id":"105511002304",
    "supplier_id":219,
    "is_supplier":219,
    "start_effective_date":"2005-08-01",
    "size":"S",
    "supplier_name":"บริษัท เอ็ม ซี ไอ อินเตอร์เนชั่นแนล จำกัด (สำนักงานใหญ่)",
    "registration_date":"1968-04-26",
    "registered_capital":3000000.0,
    "trade_receivables_net":25666708.4499999993,
    "inventory":14442950.8100000005,
    "current_assets":40783115.9200000018,
    "property_plant_equipment":2109635.6000000001,
    "non_current_assets":2258105.6000000001,
    "total_assets":43041221.5200000033,
    "current_liabilities":9454130.2799999993,
    "non_current_liabilities":3546018.5600000001,
    "total_liabilities":13000148.8399999999,
    "shareholders_equity":30041072.6799999997,
    "liabilities_and_equity":43041221.5200000033,
    "group":2.0,
    "main_revenue":80525551.5100000054,
    "total_revenue_fs":80885743.0900000036,
    "cost_of_goods_sold":48577881.9299999997,
    "gross_profit":0.0,
    "selling_and_admin_expenses":21128140.5,
    "total_expenses":69706022.4300000072,
    "interest_expense":492021.73,
    "profit_before_tax":10687698.9299999997,
    "income_tax":2322865.2200000002,
    "net_profit":8364833.71,
    "no_of_buyer":3,
    "roa_percent":18.04,
    "roe_percent":32.35,
    "gross_profit_margin_percent":0.0,
    "operating_margin_percent":13.21,
    "net_margin_percent":10.34,
    "asset_turnover_ratio":1.74,
    "receivables_turnover_ratio":3.44,
    "inventory_turnover_ratio":2.36,
    "operating_expense_ratio":26.12,
    "current_ratio":4.31,
    "debt_to_asset_ratio":0.3,
    "asset_to_equity_ratio":1.43,
    "debt_to_equity_ratio":0.43,
    "source_sheet":"Sheet1"
  },
  {
    "No":354,
    "registration_id":"105541018934",
    "supplier_id":543,
    "is_supplier":543,
    "start_effective_date":"2005-08-01",
    "size":"S",
    "supplier_name":"บริษัท ใบชาสามม้า จำกัด (สำนักงานใหญ่)",
    "registration_date":"1998-03-24",
    "registered_capital":30000000.0,
    "trade_receivables_net":16225470.3000000007,
    "inventory":33051911.7699999996,
    "current_assets":50207829.5799999982,
    "property_plant_equipment":4222298.2699999996,
    "non_current_assets":7490160.9100000001,
    "total_assets":57697990.4900000021,
    "current_liabilities":7674481.7699999996,
    "non_current_liabilities":25100000.0,
    "total_liabilities":32774481.7699999996,
    "shareholders_equity":24923508.7199999988,
    "liabilities_and_equity":57697990.4900000021,
    "group":2.0,
    "main_revenue":79863661.6400000006,
    "total_revenue_fs":79874745.5199999958,
    "cost_of_goods_sold":0.0,
    "gross_profit":0.0,
    "selling_and_admin_expenses":0.0,
    "total_expenses":77670400.4899999946,
    "interest_expense":26758.61,
    "profit_before_tax":2177586.4199999999,
    "income_tax":551868.83,
    "net_profit":1625717.5900000001,
    "no_of_buyer":3,
    "roa_percent":2.85,
    "roe_percent":6.74,
    "gross_profit_margin_percent":0.0,
    "operating_margin_percent":2.73,
    "net_margin_percent":2.04,
    "asset_turnover_ratio":1.4,
    "receivables_turnover_ratio":4.92,
    "inventory_turnover_ratio":0.0,
    "operating_expense_ratio":0.0,
    "current_ratio":6.54,
    "debt_to_asset_ratio":0.57,
    "asset_to_equity_ratio":2.32,
    "debt_to_equity_ratio":1.32,
    "source_sheet":"Sheet1"
  },
  {
    "No":311,
    "registration_id":"105545056709",
    "supplier_id":957,
    "is_supplier":957,
    "start_effective_date":"2009-06-01",
    "size":"S",
    "supplier_name":"บริษัท พีแอนด์ที สยาม จำกัด (สำนักงานใหญ่)",
    "registration_date":"2002-06-03",
    "registered_capital":1000000.0,
    "trade_receivables_net":18324093.120000001,
    "inventory":7811966.9400000004,
    "current_assets":27340528.5300000012,
    "property_plant_equipment":26210150.1999999993,
    "non_current_assets":33846497.6000000015,
    "total_assets":61187026.1300000027,
    "current_liabilities":46012693.9799999967,
    "non_current_liabilities":4228011.6299999999,
    "total_liabilities":50240705.6099999994,
    "shareholders_equity":10946320.5199999996,
    "liabilities_and_equity":61187026.1300000027,
    "group":2.0,
    "main_revenue":78231616.3599999994,
    "total_revenue_fs":79017197.8799999952,
    "cost_of_goods_sold":32432679.9600000009,
    "gross_profit":0.0,
    "selling_and_admin_expenses":44299050.6400000006,
    "total_expenses":76731730.599999994,
    "interest_expense":630212.17,
    "profit_before_tax":1655255.1100000001,
    "income_tax":379425.04,
    "net_profit":1275830.0700000001,
    "no_of_buyer":1,
    "roa_percent":2.04,
    "roe_percent":12.38,
    "gross_profit_margin_percent":0.0,
    "operating_margin_percent":2.09,
    "net_margin_percent":1.61,
    "asset_turnover_ratio":1.26,
    "receivables_turnover_ratio":4.18,
    "inventory_turnover_ratio":4.04,
    "operating_expense_ratio":56.06,
    "current_ratio":0.59,
    "debt_to_asset_ratio":0.82,
    "asset_to_equity_ratio":5.59,
    "debt_to_equity_ratio":4.59,
    "source_sheet":"Sheet1"
  },
  {
    "No":347,
    "registration_id":"735536002159",
    "supplier_id":2139,
    "is_supplier":2139,
    "start_effective_date":"2005-08-01",
    "size":"S",
    "supplier_name":"บริษัท พาราวิจัย จำกัด (สาขาที่ 00001)",
    "registration_date":"1993-11-11",
    "registered_capital":25000000.0,
    "trade_receivables_net":18138028.1999999993,
    "inventory":14859127.3399999999,
    "current_assets":34281426.9900000021,
    "property_plant_equipment":47384025.3299999982,
    "non_current_assets":48053945.1899999976,
    "total_assets":82335372.1800000072,
    "current_liabilities":12329765.2300000004,
    "non_current_liabilities":2272963.5699999998,
    "total_liabilities":14602728.8000000007,
    "shareholders_equity":67732643.3799999952,
    "liabilities_and_equity":82335372.1800000072,
    "group":2.0,
    "main_revenue":0.0,
    "total_revenue_fs":78230285.1599999964,
    "cost_of_goods_sold":0.0,
    "gross_profit":0.0,
    "selling_and_admin_expenses":0.0,
    "total_expenses":69834260.3599999994,
    "interest_expense":1028224.6,
    "profit_before_tax":7367800.2000000002,
    "income_tax":1039023.96,
    "net_profit":6328776.2400000002,
    "no_of_buyer":1,
    "roa_percent":7.62,
    "roe_percent":9.96,
    "gross_profit_margin_percent":0.0,
    "operating_margin_percent":9.42,
    "net_margin_percent":8.09,
    "asset_turnover_ratio":0.94,
    "receivables_turnover_ratio":4.81,
    "inventory_turnover_ratio":0.0,
    "operating_expense_ratio":0.0,
    "current_ratio":2.78,
    "debt_to_asset_ratio":0.18,
    "asset_to_equity_ratio":1.22,
    "debt_to_equity_ratio":0.22,
    "source_sheet":"Sheet1"
  },
  {
    "No":260,
    "registration_id":"105546091885",
    "supplier_id":2012,
    "is_supplier":2012,
    "start_effective_date":"2007-02-01",
    "size":"S",
    "supplier_name":"บริษัท วี.พี. เวิลด์แพ็ค เทรดดิ้ง จำกัด (สำนักงานใหญ่)",
    "registration_date":"2003-05-08",
    "registered_capital":5000000.0,
    "trade_receivables_net":16297964.4800000004,
    "inventory":19937176.2300000004,
    "current_assets":42715634.5399999991,
    "property_plant_equipment":36104888.1199999973,
    "non_current_assets":36260875.8900000006,
    "total_assets":78976510.4300000072,
    "current_liabilities":39570434.2800000012,
    "non_current_liabilities":18544330.870000001,
    "total_liabilities":58114765.1499999985,
    "shareholders_equity":20861745.2800000012,
    "liabilities_and_equity":78976510.4300000072,
    "group":2.0,
    "main_revenue":74958881.3100000024,
    "total_revenue_fs":75841955.2900000066,
    "cost_of_goods_sold":66562929.25,
    "gross_profit":0.0,
    "selling_and_admin_expenses":5650507.4699999997,
    "total_expenses":72248370.2699999958,
    "interest_expense":3267218.4900000002,
    "profit_before_tax":326366.53,
    "income_tax":145659.13,
    "net_profit":180707.4,
    "no_of_buyer":1,
    "roa_percent":0.22,
    "roe_percent":0.87,
    "gross_profit_margin_percent":0.0,
    "operating_margin_percent":0.43,
    "net_margin_percent":0.24,
    "asset_turnover_ratio":0.94,
    "receivables_turnover_ratio":4.48,
    "inventory_turnover_ratio":3.61,
    "operating_expense_ratio":7.45,
    "current_ratio":1.08,
    "debt_to_asset_ratio":0.74,
    "asset_to_equity_ratio":3.79,
    "debt_to_equity_ratio":2.79,
    "source_sheet":"Sheet1"
  },
  {
    "No":495,
    "registration_id":"105550078651",
    "supplier_id":1143,
    "is_supplier":1143,
    "start_effective_date":"2015-10-01",
    "size":"S",
    "supplier_name":"บริษัท เวลล์-โกรว์ จำกัด (สำนักงานใหญ่)",
    "registration_date":"2007-07-26",
    "registered_capital":1000000.0,
    "trade_receivables_net":7644079.1100000003,
    "inventory":8007533.8600000003,
    "current_assets":17955671.8099999987,
    "property_plant_equipment":2385474.2400000002,
    "non_current_assets":3435008.9900000002,
    "total_assets":21390680.8000000007,
    "current_liabilities":15641811.6799999997,
    "non_current_liabilities":2294237.5299999998,
    "total_liabilities":17936049.2100000009,
    "shareholders_equity":3454631.5899999999,
    "liabilities_and_equity":21390680.8000000007,
    "group":2.0,
    "main_revenue":75619793.349999994,
    "total_revenue_fs":75688001.25,
    "cost_of_goods_sold":65599522.6099999994,
    "gross_profit":0.0,
    "selling_and_admin_expenses":9094255.6999999993,
    "total_expenses":74693778.3100000024,
    "interest_expense":678937.53,
    "profit_before_tax":315285.41,
    "income_tax":115574.08,
    "net_profit":199711.33,
    "no_of_buyer":2,
    "roa_percent":0.86,
    "roe_percent":5.95,
    "gross_profit_margin_percent":0.0,
    "operating_margin_percent":0.42,
    "net_margin_percent":0.26,
    "asset_turnover_ratio":3.26,
    "receivables_turnover_ratio":8.62,
    "inventory_turnover_ratio":7.1,
    "operating_expense_ratio":12.02,
    "current_ratio":1.15,
    "debt_to_asset_ratio":0.84,
    "asset_to_equity_ratio":6.19,
    "debt_to_equity_ratio":5.19,
    "source_sheet":"Sheet1"
  },
  {
    "No":387,
    "registration_id":"105536121404",
    "supplier_id":3057,
    "is_supplier":3057,
    "start_effective_date":"2015-04-01",
    "size":"S",
    "supplier_name":"บริษัท ธรรมมงคล จำกัด (สำนักงานใหญ่)",
    "registration_date":"1993-10-22",
    "registered_capital":1000000.0,
    "trade_receivables_net":6679668.1500000004,
    "inventory":13507921.6199999992,
    "current_assets":20945282.1700000018,
    "property_plant_equipment":359467.77,
    "non_current_assets":359467.77,
    "total_assets":21304749.9400000013,
    "current_liabilities":11073688.2400000002,
    "non_current_liabilities":0.0,
    "total_liabilities":11073688.2400000002,
    "shareholders_equity":10231061.6999999993,
    "liabilities_and_equity":21304749.9400000013,
    "group":2.0,
    "main_revenue":75087682.2800000012,
    "total_revenue_fs":75088225.5100000054,
    "cost_of_goods_sold":0.0,
    "gross_profit":0.0,
    "selling_and_admin_expenses":0.0,
    "total_expenses":74553757.099999994,
    "interest_expense":0.0,
    "profit_before_tax":534468.41,
    "income_tax":210890.71,
    "net_profit":323577.7,
    "no_of_buyer":1,
    "roa_percent":1.49,
    "roe_percent":3.21,
    "gross_profit_margin_percent":0.0,
    "operating_margin_percent":0.71,
    "net_margin_percent":0.43,
    "asset_turnover_ratio":3.46,
    "receivables_turnover_ratio":12.99,
    "inventory_turnover_ratio":0.0,
    "operating_expense_ratio":0.0,
    "current_ratio":1.89,
    "debt_to_asset_ratio":0.52,
    "asset_to_equity_ratio":2.08,
    "debt_to_equity_ratio":1.08,
    "source_sheet":"Sheet1"
  },
  {
    "No":632,
    "registration_id":"145537000244",
    "supplier_id":5464,
    "is_supplier":5464,
    "start_effective_date":"2014-04-01",
    "size":"S",
    "supplier_name":"บริษัท ซีฟาม จำกัด (สำนักงานใหญ่)",
    "registration_date":"1994-02-23",
    "registered_capital":26000000.0,
    "trade_receivables_net":39162940.8100000024,
    "inventory":9247873.7300000004,
    "current_assets":54720678.799999997,
    "property_plant_equipment":12568946.2300000004,
    "non_current_assets":12589403.6600000001,
    "total_assets":67310082.4599999934,
    "current_liabilities":30602704.9800000004,
    "non_current_liabilities":6499622.4500000002,
    "total_liabilities":37102327.4299999997,
    "shareholders_equity":30207755.0300000012,
    "liabilities_and_equity":67310082.4599999934,
    "group":2.0,
    "main_revenue":73825046.6700000018,
    "total_revenue_fs":73892295.3199999928,
    "cost_of_goods_sold":58340571.2199999988,
    "gross_profit":0.0,
    "selling_and_admin_expenses":9655984.5899999999,
    "total_expenses":67996555.8100000024,
    "interest_expense":1552824.26,
    "profit_before_tax":4342915.25,
    "income_tax":931338.97,
    "net_profit":3411576.2799999998,
    "no_of_buyer":1,
    "roa_percent":5.44,
    "roe_percent":11.97,
    "gross_profit_margin_percent":0.0,
    "operating_margin_percent":5.88,
    "net_margin_percent":4.62,
    "asset_turnover_ratio":1.18,
    "receivables_turnover_ratio":2.03,
    "inventory_turnover_ratio":5.84,
    "operating_expense_ratio":13.07,
    "current_ratio":1.79,
    "debt_to_asset_ratio":0.55,
    "asset_to_equity_ratio":2.23,
    "debt_to_equity_ratio":1.23,
    "source_sheet":"Sheet1"
  },
  {
    "No":740,
    "registration_id":"105552137191",
    "supplier_id":5633,
    "is_supplier":5633,
    "start_effective_date":"2016-02-01",
    "size":"S",
    "supplier_name":"บริษัท เอเอ็นพีเอส แอนด์ อนันต์ไพศาล (2009) จำกัด (สำนักงานใหญ่)",
    "registration_date":"2009-12-28",
    "registered_capital":10000000.0,
    "trade_receivables_net":13927554.4800000004,
    "inventory":9053919.2200000007,
    "current_assets":23109676.620000001,
    "property_plant_equipment":1700638.8300000001,
    "non_current_assets":61686238.8299999982,
    "total_assets":84795915.450000003,
    "current_liabilities":57641943.2800000012,
    "non_current_liabilities":23435518.879999999,
    "total_liabilities":81077462.1599999964,
    "shareholders_equity":3718453.29,
    "liabilities_and_equity":84795915.450000003,
    "group":2.0,
    "main_revenue":73041802.0100000054,
    "total_revenue_fs":73076158.1800000072,
    "cost_of_goods_sold":33836232.8299999982,
    "gross_profit":0.0,
    "selling_and_admin_expenses":34415808.9099999964,
    "total_expenses":68252041.7399999946,
    "interest_expense":3245371.4900000002,
    "profit_before_tax":1578744.95,
    "income_tax":239909.05,
    "net_profit":1338835.8999999999,
    "no_of_buyer":1,
    "roa_percent":2.39,
    "roe_percent":-92.27,
    "gross_profit_margin_percent":0.0,
    "operating_margin_percent":2.16,
    "net_margin_percent":1.83,
    "asset_turnover_ratio":1.31,
    "receivables_turnover_ratio":4.27,
    "inventory_turnover_ratio":6.0,
    "operating_expense_ratio":47.1,
    "current_ratio":0.4,
    "debt_to_asset_ratio":0.96,
    "asset_to_equity_ratio":22.8,
    "debt_to_equity_ratio":21.8,
    "source_sheet":"Sheet1"
  },
  {
    "No":641,
    "registration_id":"105534110898",
    "supplier_id":2094,
    "is_supplier":2094,
    "start_effective_date":"2005-08-01",
    "size":"S",
    "supplier_name":"บริษัท เอ็น.ที.แสตนดาร์ด จำกัด (สำนักงานใหญ่)",
    "registration_date":"1991-11-22",
    "registered_capital":1000000.0,
    "trade_receivables_net":17290000.5300000012,
    "inventory":2579644.8199999998,
    "current_assets":21169999.1600000001,
    "property_plant_equipment":700887.04,
    "non_current_assets":700887.04,
    "total_assets":21870886.1999999993,
    "current_liabilities":5750371.5599999996,
    "non_current_liabilities":14280000.0,
    "total_liabilities":20030371.5599999987,
    "shareholders_equity":1840514.6399999999,
    "liabilities_and_equity":21870886.1999999993,
    "group":2.0,
    "main_revenue":71376215.5900000036,
    "total_revenue_fs":71656800.5600000024,
    "cost_of_goods_sold":52809412.0900000036,
    "gross_profit":0.0,
    "selling_and_admin_expenses":17020821.3999999985,
    "total_expenses":69830233.4899999946,
    "interest_expense":18128.77,
    "profit_before_tax":1808438.3,
    "income_tax":510231.26,
    "net_profit":1298207.04,
    "no_of_buyer":2,
    "roa_percent":6.31,
    "roe_percent":108.96,
    "gross_profit_margin_percent":0.0,
    "operating_margin_percent":2.52,
    "net_margin_percent":1.81,
    "asset_turnover_ratio":3.49,
    "receivables_turnover_ratio":4.56,
    "inventory_turnover_ratio":20.66,
    "operating_expense_ratio":23.75,
    "current_ratio":3.68,
    "debt_to_asset_ratio":0.92,
    "asset_to_equity_ratio":11.88,
    "debt_to_equity_ratio":10.88,
    "source_sheet":"Sheet1"
  },
  {
    "No":276,
    "registration_id":"105534075898",
    "supplier_id":5347,
    "is_supplier":5347,
    "start_effective_date":"2013-02-01",
    "size":"S",
    "supplier_name":"บริษัท แซนนิต้า อินเตอร์เนชั่นแนล จำกัด (สำนักงานใหญ่)",
    "registration_date":"1991-08-13",
    "registered_capital":11000000.0,
    "trade_receivables_net":28835889.879999999,
    "inventory":18237213.7699999996,
    "current_assets":49047505.5600000024,
    "property_plant_equipment":9856354.0,
    "non_current_assets":11101500.3800000008,
    "total_assets":60149005.9399999976,
    "current_liabilities":47671734.8599999994,
    "non_current_liabilities":7208556.6200000001,
    "total_liabilities":54880291.4799999967,
    "shareholders_equity":5268714.46,
    "liabilities_and_equity":60149005.9399999976,
    "group":2.0,
    "main_revenue":69468376.900000006,
    "total_revenue_fs":70840838.5199999958,
    "cost_of_goods_sold":46799313.5600000024,
    "gross_profit":22669063.3399999999,
    "selling_and_admin_expenses":19113868.6400000006,
    "total_expenses":65913182.200000003,
    "interest_expense":3122818.8500000001,
    "profit_before_tax":1804837.47,
    "income_tax":366256.12,
    "net_profit":1438581.3500000001,
    "no_of_buyer":6,
    "roa_percent":2.51,
    "roe_percent":31.62,
    "gross_profit_margin_percent":32.0,
    "operating_margin_percent":2.55,
    "net_margin_percent":2.03,
    "asset_turnover_ratio":1.24,
    "receivables_turnover_ratio":2.7,
    "inventory_turnover_ratio":2.53,
    "operating_expense_ratio":26.98,
    "current_ratio":1.03,
    "debt_to_asset_ratio":0.91,
    "asset_to_equity_ratio":11.42,
    "debt_to_equity_ratio":10.42,
    "source_sheet":"Sheet1"
  },
  {
    "No":560,
    "registration_id":"105535082537",
    "supplier_id":5303,
    "is_supplier":5303,
    "start_effective_date":"2012-07-01",
    "size":"S",
    "supplier_name":"บริษัท ดีลิคัพ จำกัด (สำนักงานใหญ่)",
    "registration_date":"1992-05-27",
    "registered_capital":41000000.0,
    "trade_receivables_net":11544401.2799999993,
    "inventory":7955946.21,
    "current_assets":19678150.129999999,
    "property_plant_equipment":46933610.4600000009,
    "non_current_assets":47216378.75,
    "total_assets":66894528.8800000027,
    "current_liabilities":9557132.0600000005,
    "non_current_liabilities":21478622.6000000015,
    "total_liabilities":31035754.6600000001,
    "shareholders_equity":35858774.2199999988,
    "liabilities_and_equity":66894528.8800000027,
    "group":2.0,
    "main_revenue":68992821.4699999988,
    "total_revenue_fs":69093640.7600000054,
    "cost_of_goods_sold":55385595.8599999994,
    "gross_profit":0.0,
    "selling_and_admin_expenses":11136625.3399999999,
    "total_expenses":66522221.200000003,
    "interest_expense":1410512.47,
    "profit_before_tax":1160907.0900000001,
    "income_tax":497095.47,
    "net_profit":663811.62,
    "no_of_buyer":1,
    "roa_percent":0.94,
    "roe_percent":1.87,
    "gross_profit_margin_percent":0.0,
    "operating_margin_percent":1.68,
    "net_margin_percent":0.96,
    "asset_turnover_ratio":0.98,
    "receivables_turnover_ratio":5.79,
    "inventory_turnover_ratio":6.48,
    "operating_expense_ratio":16.12,
    "current_ratio":2.06,
    "debt_to_asset_ratio":0.46,
    "asset_to_equity_ratio":1.87,
    "debt_to_equity_ratio":0.87,
    "source_sheet":"Sheet1"
  },
  {
    "No":177,
    "registration_id":"105541039729",
    "supplier_id":5306,
    "is_supplier":5306,
    "start_effective_date":"2012-07-01",
    "size":"S",
    "supplier_name":"บริษัท สกุลศักดิ์ กรุ๊ป จำกัด (สำนักงานใหญ่)",
    "registration_date":"1998-06-29",
    "registered_capital":2000000.0,
    "trade_receivables_net":13158888.4299999997,
    "inventory":0.0,
    "current_assets":13764232.7599999998,
    "property_plant_equipment":949033.28,
    "non_current_assets":949033.28,
    "total_assets":14713266.0399999991,
    "current_liabilities":3658981.3799999999,
    "non_current_liabilities":82710.43,
    "total_liabilities":3741691.8100000001,
    "shareholders_equity":10971574.2300000004,
    "liabilities_and_equity":14713266.0399999991,
    "group":2.0,
    "main_revenue":66826820.8500000015,
    "total_revenue_fs":66826822.8699999973,
    "cost_of_goods_sold":0.0,
    "gross_profit":0.0,
    "selling_and_admin_expenses":0.0,
    "total_expenses":65398368.4200000018,
    "interest_expense":72806.1,
    "profit_before_tax":1355648.3500000001,
    "income_tax":271169.79,
    "net_profit":1084478.5600000001,
    "no_of_buyer":1,
    "roa_percent":7.11,
    "roe_percent":10.4,
    "gross_profit_margin_percent":0.0,
    "operating_margin_percent":2.03,
    "net_margin_percent":1.62,
    "asset_turnover_ratio":4.38,
    "receivables_turnover_ratio":4.94,
    "inventory_turnover_ratio":0.0,
    "operating_expense_ratio":0.0,
    "current_ratio":3.76,
    "debt_to_asset_ratio":0.25,
    "asset_to_equity_ratio":1.34,
    "debt_to_equity_ratio":0.34,
    "source_sheet":"Sheet1"
  },
  {
    "No":758,
    "registration_id":"105528028425",
    "supplier_id":5531,
    "is_supplier":5531,
    "start_effective_date":"2014-10-01",
    "size":"S",
    "supplier_name":"บริษัท ผงพิเศษตราร่มชูชีพ จำกัด (สำนักงานใหญ่)",
    "registration_date":"1985-08-15",
    "registered_capital":1000000.0,
    "trade_receivables_net":16192914.9399999995,
    "inventory":527040.0,
    "current_assets":20105919.4800000004,
    "property_plant_equipment":27524.41,
    "non_current_assets":27524.41,
    "total_assets":20133443.8900000006,
    "current_liabilities":5320306.7199999997,
    "non_current_liabilities":0.0,
    "total_liabilities":5320306.7199999997,
    "shareholders_equity":14813137.1699999999,
    "liabilities_and_equity":20133443.8900000006,
    "group":2.0,
    "main_revenue":66221644.1099999994,
    "total_revenue_fs":66235207.8100000024,
    "cost_of_goods_sold":0.0,
    "gross_profit":0.0,
    "selling_and_admin_expenses":0.0,
    "total_expenses":58295001.4600000009,
    "interest_expense":0.0,
    "profit_before_tax":7940206.3499999996,
    "income_tax":1588163.4399999999,
    "net_profit":6352042.9100000001,
    "no_of_buyer":1,
    "roa_percent":40.67,
    "roe_percent":54.58,
    "gross_profit_margin_percent":0.0,
    "operating_margin_percent":11.99,
    "net_margin_percent":9.59,
    "asset_turnover_ratio":4.24,
    "receivables_turnover_ratio":5.96,
    "inventory_turnover_ratio":0.0,
    "operating_expense_ratio":0.0,
    "current_ratio":3.78,
    "debt_to_asset_ratio":0.26,
    "asset_to_equity_ratio":1.36,
    "debt_to_equity_ratio":0.36,
    "source_sheet":"Sheet1"
  },
  {
    "No":258,
    "registration_id":"725539000602",
    "supplier_id":5214,
    "is_supplier":5214,
    "start_effective_date":"2012-09-01",
    "size":"S",
    "supplier_name":"บริษัท ซองเดอร์ ไทยออร์กานิคฟูด จำกัด (สำนักงานใหญ่)",
    "registration_date":"1996-07-08",
    "registered_capital":3000000.0,
    "trade_receivables_net":17682082.9600000009,
    "inventory":667494.5600000001,
    "current_assets":21261466.1999999993,
    "property_plant_equipment":12941454.1400000006,
    "non_current_assets":12941454.1400000006,
    "total_assets":34202920.3400000036,
    "current_liabilities":6197206.54,
    "non_current_liabilities":25500000.0,
    "total_liabilities":31697206.5399999991,
    "shareholders_equity":2505713.7999999998,
    "liabilities_and_equity":34202920.3400000036,
    "group":2.0,
    "main_revenue":64807336.2899999991,
    "total_revenue_fs":65878752.0300000012,
    "cost_of_goods_sold":43618153.1400000006,
    "gross_profit":0.0,
    "selling_and_admin_expenses":18722579.4400000013,
    "total_expenses":62340732.5799999982,
    "interest_expense":0.0,
    "profit_before_tax":3538019.4500000002,
    "income_tax":721417.25,
    "net_profit":2816602.2000000002,
    "no_of_buyer":6,
    "roa_percent":9.74,
    "roe_percent":256.66,
    "gross_profit_margin_percent":0.0,
    "operating_margin_percent":5.37,
    "net_margin_percent":4.28,
    "asset_turnover_ratio":2.28,
    "receivables_turnover_ratio":4.16,
    "inventory_turnover_ratio":54.92,
    "operating_expense_ratio":28.42,
    "current_ratio":3.43,
    "debt_to_asset_ratio":0.93,
    "asset_to_equity_ratio":13.65,
    "debt_to_equity_ratio":12.65,
    "source_sheet":"Sheet1"
  },
  {
    "No":325,
    "registration_id":"105552095013",
    "supplier_id":38,
    "is_supplier":38,
    "start_effective_date":"2015-09-01",
    "size":"S",
    "supplier_name":"บริษัท ดร.แกลม จำกัด (สำนักงานใหญ่)",
    "registration_date":"2009-09-09",
    "registered_capital":1000000.0,
    "trade_receivables_net":34862239.9600000009,
    "inventory":20064461.0799999982,
    "current_assets":55160053.6499999985,
    "property_plant_equipment":15513824.9299999997,
    "non_current_assets":20374259.879999999,
    "total_assets":75534313.5300000012,
    "current_liabilities":49802475.6499999985,
    "non_current_liabilities":22757933.25,
    "total_liabilities":72560408.900000006,
    "shareholders_equity":2973904.6299999999,
    "liabilities_and_equity":75534313.5300000012,
    "group":2.0,
    "main_revenue":64683181.5600000024,
    "total_revenue_fs":65161026.6499999985,
    "cost_of_goods_sold":54529498.3900000006,
    "gross_profit":0.0,
    "selling_and_admin_expenses":7445477.96,
    "total_expenses":61974976.3500000015,
    "interest_expense":2074417.04,
    "profit_before_tax":1111633.26,
    "income_tax":234750.02,
    "net_profit":876883.24,
    "no_of_buyer":1,
    "roa_percent":1.53,
    "roe_percent":34.58,
    "gross_profit_margin_percent":0.0,
    "operating_margin_percent":1.71,
    "net_margin_percent":1.35,
    "asset_turnover_ratio":1.13,
    "receivables_turnover_ratio":2.55,
    "inventory_turnover_ratio":4.27,
    "operating_expense_ratio":11.43,
    "current_ratio":1.11,
    "debt_to_asset_ratio":0.96,
    "asset_to_equity_ratio":25.4,
    "debt_to_equity_ratio":24.4,
    "source_sheet":"Sheet1"
  },
  {
    "No":190,
    "registration_id":"105544043212",
    "supplier_id":5026,
    "is_supplier":5026,
    "start_effective_date":"2009-08-01",
    "size":"S",
    "supplier_name":"บริษัท มหาทรัพย์ โปรดักส์ชั่น จำกัด (สำนักงานใหญ่)",
    "registration_date":"2001-09-05",
    "registered_capital":7000000.0,
    "trade_receivables_net":8579931.3699999992,
    "inventory":4135838.1000000001,
    "current_assets":15408669.5999999996,
    "property_plant_equipment":6564588.6100000003,
    "non_current_assets":6914188.6100000003,
    "total_assets":22322858.2100000009,
    "current_liabilities":6597575.9400000004,
    "non_current_liabilities":18997082.9299999997,
    "total_liabilities":25594658.870000001,
    "shareholders_equity":-3271800.6600000001,
    "liabilities_and_equity":22322858.2100000009,
    "group":2.0,
    "main_revenue":63358922.5399999991,
    "total_revenue_fs":63396637.6000000015,
    "cost_of_goods_sold":0.0,
    "gross_profit":0.0,
    "selling_and_admin_expenses":0.0,
    "total_expenses":63009522.8599999994,
    "interest_expense":86973.11,
    "profit_before_tax":300141.63,
    "income_tax":0.0,
    "net_profit":300141.63,
    "no_of_buyer":1,
    "roa_percent":1.47,
    "roe_percent":-8.77,
    "gross_profit_margin_percent":0.0,
    "operating_margin_percent":0.47,
    "net_margin_percent":0.47,
    "asset_turnover_ratio":3.1,
    "receivables_turnover_ratio":6.78,
    "inventory_turnover_ratio":0.0,
    "operating_expense_ratio":0.0,
    "current_ratio":2.34,
    "debt_to_asset_ratio":1.15,
    "asset_to_equity_ratio":-6.82,
    "debt_to_equity_ratio":-7.82,
    "source_sheet":"Sheet1"
  },
  {
    "No":604,
    "registration_id":"105525026324",
    "supplier_id":1113,
    "is_supplier":1113,
    "start_effective_date":"2007-02-01",
    "size":"S",
    "supplier_name":"บริษัท หมอมี จำกัด (สำนักงานใหญ่)",
    "registration_date":"1982-07-23",
    "registered_capital":156000000.0,
    "trade_receivables_net":10381362.0899999999,
    "inventory":5630685.2199999997,
    "current_assets":18537643.7800000012,
    "property_plant_equipment":89341016.4800000042,
    "non_current_assets":89341016.4800000042,
    "total_assets":107878660.2600000054,
    "current_liabilities":3699188.5299999998,
    "non_current_liabilities":54796952.8299999982,
    "total_liabilities":58496141.3599999994,
    "shareholders_equity":49382518.8999999985,
    "liabilities_and_equity":107878660.2600000054,
    "group":2.0,
    "main_revenue":61763398.5700000003,
    "total_revenue_fs":61779654.7100000009,
    "cost_of_goods_sold":30829126.4699999988,
    "gross_profit":0.0,
    "selling_and_admin_expenses":44989916.0200000033,
    "total_expenses":75819042.4899999946,
    "interest_expense":1690199.6299999999,
    "profit_before_tax":-15729587.4100000001,
    "income_tax":0.0,
    "net_profit":-15729587.4100000001,
    "no_of_buyer":2,
    "roa_percent":-14.77,
    "roe_percent":-27.48,
    "gross_profit_margin_percent":0.0,
    "operating_margin_percent":-25.46,
    "net_margin_percent":-25.46,
    "asset_turnover_ratio":0.58,
    "receivables_turnover_ratio":5.79,
    "inventory_turnover_ratio":5.85,
    "operating_expense_ratio":72.82,
    "current_ratio":5.01,
    "debt_to_asset_ratio":0.54,
    "asset_to_equity_ratio":2.18,
    "debt_to_equity_ratio":1.18,
    "source_sheet":"Sheet1"
  },
  {
    "No":185,
    "registration_id":"723557000544",
    "supplier_id":3083,
    "is_supplier":3083,
    "start_effective_date":"2009-01-01",
    "size":"S",
    "supplier_name":"ห้างหุ้นส่วนจำกัด แม่ละมาย (สำนักงานใหญ่)",
    "registration_date":"2014-05-22",
    "registered_capital":1000000.0,
    "trade_receivables_net":5664328.7400000002,
    "inventory":3091040.5499999998,
    "current_assets":12221367.2899999991,
    "property_plant_equipment":5503302.4100000001,
    "non_current_assets":7083578.1100000003,
    "total_assets":19304945.3999999985,
    "current_liabilities":2753473.8300000001,
    "non_current_liabilities":12421973.5299999993,
    "total_liabilities":15175447.3599999994,
    "shareholders_equity":4129498.04,
    "liabilities_and_equity":19304945.3999999985,
    "group":2.0,
    "main_revenue":60478133.6499999985,
    "total_revenue_fs":60483904.3900000006,
    "cost_of_goods_sold":51770333.1599999964,
    "gross_profit":0.0,
    "selling_and_admin_expenses":7088000.8799999999,
    "total_expenses":58858334.0399999991,
    "interest_expense":151180.99,
    "profit_before_tax":1474389.3600000001,
    "income_tax":314643.35,
    "net_profit":1159746.01,
    "no_of_buyer":1,
    "roa_percent":7.89,
    "roe_percent":32.67,
    "gross_profit_margin_percent":0.0,
    "operating_margin_percent":2.44,
    "net_margin_percent":1.92,
    "asset_turnover_ratio":4.11,
    "receivables_turnover_ratio":13.6,
    "inventory_turnover_ratio":17.68,
    "operating_expense_ratio":11.72,
    "current_ratio":4.44,
    "debt_to_asset_ratio":0.79,
    "asset_to_equity_ratio":4.67,
    "debt_to_equity_ratio":3.67,
    "source_sheet":"Sheet1"
  },
  {
    "No":217,
    "registration_id":"105546135491",
    "supplier_id":3061,
    "is_supplier":3061,
    "start_effective_date":"2008-10-01",
    "size":"S",
    "supplier_name":"บริษัท เดอะ พี แอนด์ ที คอลเลคชั่น จำกัด (สำนักงานใหญ่)",
    "registration_date":"2003-10-11",
    "registered_capital":4000000.0,
    "trade_receivables_net":18928096.8999999985,
    "inventory":1657066.1899999999,
    "current_assets":22764916.9499999993,
    "property_plant_equipment":5859615.8899999997,
    "non_current_assets":5875715.8899999997,
    "total_assets":28640632.8399999999,
    "current_liabilities":9435427.0700000003,
    "non_current_liabilities":0.0,
    "total_liabilities":9435427.0700000003,
    "shareholders_equity":19205205.7699999996,
    "liabilities_and_equity":28640632.8399999999,
    "group":2.0,
    "main_revenue":59859763.6400000006,
    "total_revenue_fs":60214710.9099999964,
    "cost_of_goods_sold":45371687.299999997,
    "gross_profit":0.0,
    "selling_and_admin_expenses":11109734.0500000007,
    "total_expenses":56481421.3500000015,
    "interest_expense":0.0,
    "profit_before_tax":3733289.5600000001,
    "income_tax":877085.83,
    "net_profit":2856203.73,
    "no_of_buyer":1,
    "roa_percent":9.4,
    "roe_percent":16.07,
    "gross_profit_margin_percent":0.0,
    "operating_margin_percent":6.2,
    "net_margin_percent":4.74,
    "asset_turnover_ratio":1.98,
    "receivables_turnover_ratio":3.45,
    "inventory_turnover_ratio":26.37,
    "operating_expense_ratio":18.45,
    "current_ratio":2.41,
    "debt_to_asset_ratio":0.33,
    "asset_to_equity_ratio":1.49,
    "debt_to_equity_ratio":0.49,
    "source_sheet":"Sheet1"
  },
  {
    "No":194,
    "registration_id":"135555011490",
    "supplier_id":2039,
    "is_supplier":2039,
    "start_effective_date":"2007-02-01",
    "size":"S",
    "supplier_name":"บริษัท ชวัลรัตน์ฟู๊ด จำกัด (สำนักงานใหญ่)",
    "registration_date":"2012-10-07",
    "registered_capital":10000000.0,
    "trade_receivables_net":11950981.7400000002,
    "inventory":0.0,
    "current_assets":14715158.2699999996,
    "property_plant_equipment":5527845.7199999997,
    "non_current_assets":5540345.7199999997,
    "total_assets":20255503.9899999984,
    "current_liabilities":8129063.1100000003,
    "non_current_liabilities":565075.0,
    "total_liabilities":8694138.1099999994,
    "shareholders_equity":11561365.8800000008,
    "liabilities_and_equity":20255503.9899999984,
    "group":2.0,
    "main_revenue":58798149.6300000027,
    "total_revenue_fs":58800667.2899999991,
    "cost_of_goods_sold":49552976.299999997,
    "gross_profit":0.0,
    "selling_and_admin_expenses":9424504.0600000005,
    "total_expenses":58977480.3599999994,
    "interest_expense":22.63,
    "profit_before_tax":-176835.7,
    "income_tax":132868.42,
    "net_profit":-309704.12,
    "no_of_buyer":1,
    "roa_percent":-1.5,
    "roe_percent":-2.64,
    "gross_profit_margin_percent":0.0,
    "operating_margin_percent":-0.3,
    "net_margin_percent":-0.53,
    "asset_turnover_ratio":2.84,
    "receivables_turnover_ratio":5.31,
    "inventory_turnover_ratio":0.0,
    "operating_expense_ratio":16.03,
    "current_ratio":1.81,
    "debt_to_asset_ratio":0.43,
    "asset_to_equity_ratio":1.75,
    "debt_to_equity_ratio":0.75,
    "source_sheet":"Sheet1"
  },
  {
    "No":192,
    "registration_id":"105534075774",
    "supplier_id":576,
    "is_supplier":576,
    "start_effective_date":"2005-08-01",
    "size":"S",
    "supplier_name":"บริษัท เอเพ็กซ์ ฟูดส์ จำกัด (สำนักงานใหญ่)",
    "registration_date":"1991-08-13",
    "registered_capital":10000000.0,
    "trade_receivables_net":20818720.6700000018,
    "inventory":4856926.1600000001,
    "current_assets":40929383.7899999991,
    "property_plant_equipment":1144905.6699999999,
    "non_current_assets":1144905.6699999999,
    "total_assets":42074289.4600000009,
    "current_liabilities":8842651.4800000004,
    "non_current_liabilities":2056100.0,
    "total_liabilities":10898751.4800000004,
    "shareholders_equity":31175537.9800000004,
    "liabilities_and_equity":42074289.4600000009,
    "group":2.0,
    "main_revenue":58332702.8400000036,
    "total_revenue_fs":58418801.7800000012,
    "cost_of_goods_sold":44402677.4699999988,
    "gross_profit":0.0,
    "selling_and_admin_expenses":5381152.6500000004,
    "total_expenses":49783830.1199999973,
    "interest_expense":325463.87,
    "profit_before_tax":8309507.79,
    "income_tax":1687076.22,
    "net_profit":6622431.5700000003,
    "no_of_buyer":1,
    "roa_percent":16.58,
    "roe_percent":23.77,
    "gross_profit_margin_percent":0.0,
    "operating_margin_percent":14.22,
    "net_margin_percent":11.34,
    "asset_turnover_ratio":1.46,
    "receivables_turnover_ratio":2.39,
    "inventory_turnover_ratio":13.96,
    "operating_expense_ratio":9.21,
    "current_ratio":4.63,
    "debt_to_asset_ratio":0.26,
    "asset_to_equity_ratio":1.35,
    "debt_to_equity_ratio":0.35,
    "source_sheet":"Sheet1"
  },
  {
    "No":187,
    "registration_id":"703545000161",
    "supplier_id":2161,
    "is_supplier":2161,
    "start_effective_date":"2013-10-01",
    "size":"S",
    "supplier_name":"ห้างหุ้นส่วนจำกัด ชลกิจปทานผล (สำนักงานใหญ่)",
    "registration_date":"2002-04-03",
    "registered_capital":1400000.0,
    "trade_receivables_net":0.0,
    "inventory":220050.0,
    "current_assets":326995.34,
    "property_plant_equipment":18359749.7100000009,
    "non_current_assets":18359749.7100000009,
    "total_assets":18686745.0500000007,
    "current_liabilities":868814.58,
    "non_current_liabilities":12400000.0,
    "total_liabilities":13268814.5800000001,
    "shareholders_equity":5417930.4699999997,
    "liabilities_and_equity":18686745.0500000007,
    "group":2.0,
    "main_revenue":57116446.25,
    "total_revenue_fs":57132108.3999999985,
    "cost_of_goods_sold":52773056.9399999976,
    "gross_profit":0.0,
    "selling_and_admin_expenses":3507675.3599999999,
    "total_expenses":56280732.299999997,
    "interest_expense":0.0,
    "profit_before_tax":851376.1,
    "income_tax":170275.28,
    "net_profit":681100.8199999999,
    "no_of_buyer":1,
    "roa_percent":3.67,
    "roe_percent":13.41,
    "gross_profit_margin_percent":0.0,
    "operating_margin_percent":1.49,
    "net_margin_percent":1.19,
    "asset_turnover_ratio":3.08,
    "receivables_turnover_ratio":0.0,
    "inventory_turnover_ratio":233.26,
    "operating_expense_ratio":6.14,
    "current_ratio":0.38,
    "debt_to_asset_ratio":0.71,
    "asset_to_equity_ratio":3.45,
    "debt_to_equity_ratio":2.45,
    "source_sheet":"Sheet1"
  },
  {
    "No":206,
    "registration_id":"103535016991",
    "supplier_id":5018,
    "is_supplier":5018,
    "start_effective_date":"2009-01-01",
    "size":"S",
    "supplier_name":"ห้างหุ้นส่วนจำกัด ที.เอ็ม. คอสเมติค (สำนักงานใหญ่)",
    "registration_date":"1992-02-28",
    "registered_capital":300000.0,
    "trade_receivables_net":14280623.4399999995,
    "inventory":6398588.04,
    "current_assets":21189205.0199999996,
    "property_plant_equipment":6024560.2199999997,
    "non_current_assets":6024560.2199999997,
    "total_assets":27213765.2399999984,
    "current_liabilities":11617182.6199999992,
    "non_current_liabilities":0.0,
    "total_liabilities":11617182.6199999992,
    "shareholders_equity":15596582.6199999992,
    "liabilities_and_equity":27213765.2399999984,
    "group":2.0,
    "main_revenue":55976015.5399999991,
    "total_revenue_fs":56076013.5399999991,
    "cost_of_goods_sold":0.0,
    "gross_profit":0.0,
    "selling_and_admin_expenses":0.0,
    "total_expenses":51657977.0700000003,
    "interest_expense":55.26,
    "profit_before_tax":4417981.21,
    "income_tax":930327.04,
    "net_profit":3487654.1699999999,
    "no_of_buyer":3,
    "roa_percent":13.61,
    "roe_percent":25.18,
    "gross_profit_margin_percent":0.0,
    "operating_margin_percent":7.88,
    "net_margin_percent":6.22,
    "asset_turnover_ratio":2.19,
    "receivables_turnover_ratio":3.93,
    "inventory_turnover_ratio":0.0,
    "operating_expense_ratio":0.0,
    "current_ratio":1.82,
    "debt_to_asset_ratio":0.43,
    "asset_to_equity_ratio":1.74,
    "debt_to_equity_ratio":0.74,
    "source_sheet":"Sheet1"
  },
  {
    "No":328,
    "registration_id":"745559003747",
    "supplier_id":5250,
    "is_supplier":5250,
    "start_effective_date":"2012-01-01",
    "size":"S",
    "supplier_name":"บริษัท อี.เอ็น.จี. อินเตอร์เทรด จำกัด (สำนักงานใหญ่)",
    "registration_date":"2016-05-19",
    "registered_capital":5000000.0,
    "trade_receivables_net":12236430.0099999998,
    "inventory":12209007.0,
    "current_assets":25716578.0599999987,
    "property_plant_equipment":172976.49,
    "non_current_assets":172976.49,
    "total_assets":25889554.5500000007,
    "current_liabilities":14967350.8900000006,
    "non_current_liabilities":0.0,
    "total_liabilities":14967350.8900000006,
    "shareholders_equity":10922203.6600000001,
    "liabilities_and_equity":25889554.5500000007,
    "group":2.0,
    "main_revenue":52743112.2400000021,
    "total_revenue_fs":54283248.8699999973,
    "cost_of_goods_sold":46390683.4600000009,
    "gross_profit":0.0,
    "selling_and_admin_expenses":7276022.8499999996,
    "total_expenses":53666706.3100000024,
    "interest_expense":0.0,
    "profit_before_tax":616542.5600000001,
    "income_tax":148081.06,
    "net_profit":468461.5,
    "no_of_buyer":1,
    "roa_percent":3.62,
    "roe_percent":8.58,
    "gross_profit_margin_percent":0.0,
    "operating_margin_percent":1.14,
    "net_margin_percent":0.86,
    "asset_turnover_ratio":4.19,
    "receivables_turnover_ratio":8.87,
    "inventory_turnover_ratio":7.6,
    "operating_expense_ratio":13.4,
    "current_ratio":1.72,
    "debt_to_asset_ratio":0.58,
    "asset_to_equity_ratio":2.37,
    "debt_to_equity_ratio":1.37,
    "source_sheet":"Sheet1"
  },
  {
    "No":637,
    "registration_id":"105542011313",
    "supplier_id":5475,
    "is_supplier":5475,
    "start_effective_date":"2014-05-01",
    "size":"S",
    "supplier_name":"บริษัท เอส วี ซินดิเคต จำกัด (สำนักงานใหญ่)",
    "registration_date":"1999-02-11",
    "registered_capital":1000000.0,
    "trade_receivables_net":9601057.0700000003,
    "inventory":5613310.3899999997,
    "current_assets":32870087.2399999984,
    "property_plant_equipment":3831504.6899999999,
    "non_current_assets":3949605.6899999999,
    "total_assets":36819692.9299999997,
    "current_liabilities":9141418.6600000001,
    "non_current_liabilities":535796.99,
    "total_liabilities":9677215.6500000004,
    "shareholders_equity":27142477.2800000012,
    "liabilities_and_equity":36819692.9299999997,
    "group":2.0,
    "main_revenue":52613735.4299999997,
    "total_revenue_fs":52950361.799999997,
    "cost_of_goods_sold":30021982.5599999987,
    "gross_profit":0.0,
    "selling_and_admin_expenses":18337417.7600000016,
    "total_expenses":48362330.1700000018,
    "interest_expense":99580.65,
    "profit_before_tax":4488450.9800000004,
    "income_tax":965062.84,
    "net_profit":3523388.1400000001,
    "no_of_buyer":1,
    "roa_percent":9.75,
    "roe_percent":13.36,
    "gross_profit_margin_percent":0.0,
    "operating_margin_percent":8.48,
    "net_margin_percent":6.65,
    "asset_turnover_ratio":1.46,
    "receivables_turnover_ratio":5.65,
    "inventory_turnover_ratio":4.82,
    "operating_expense_ratio":34.63,
    "current_ratio":3.6,
    "debt_to_asset_ratio":0.26,
    "asset_to_equity_ratio":1.36,
    "debt_to_equity_ratio":0.36,
    "source_sheet":"Sheet1"
  },
  {
    "No":274,
    "registration_id":"105538103021",
    "supplier_id":5246,
    "is_supplier":5246,
    "start_effective_date":"2011-08-01",
    "size":"S",
    "supplier_name":"บริษัท สหทวีสิน อิมปอร์ต เอ็กซ์ปอร์ต จำกัด (สำนักงานใหญ่)",
    "registration_date":"1995-08-30",
    "registered_capital":4000000.0,
    "trade_receivables_net":10472632.2400000002,
    "inventory":4971852.6600000001,
    "current_assets":17276934.870000001,
    "property_plant_equipment":1708295.01,
    "non_current_assets":1872330.05,
    "total_assets":19149264.9200000018,
    "current_liabilities":3277775.3399999999,
    "non_current_liabilities":349170.1,
    "total_liabilities":3626945.4399999999,
    "shareholders_equity":15522319.4800000004,
    "liabilities_and_equity":19149264.9200000018,
    "group":2.0,
    "main_revenue":52208164.2899999991,
    "total_revenue_fs":52213595.1700000018,
    "cost_of_goods_sold":28141148.620000001,
    "gross_profit":0.0,
    "selling_and_admin_expenses":22142140.7899999991,
    "total_expenses":50283289.4099999964,
    "interest_expense":14786.92,
    "profit_before_tax":1915518.8400000001,
    "income_tax":469360.49,
    "net_profit":1446158.3500000001,
    "no_of_buyer":2,
    "roa_percent":7.75,
    "roe_percent":9.77,
    "gross_profit_margin_percent":0.0,
    "operating_margin_percent":3.67,
    "net_margin_percent":2.77,
    "asset_turnover_ratio":2.8,
    "receivables_turnover_ratio":5.43,
    "inventory_turnover_ratio":5.66,
    "operating_expense_ratio":42.41,
    "current_ratio":5.27,
    "debt_to_asset_ratio":0.19,
    "asset_to_equity_ratio":1.23,
    "debt_to_equity_ratio":0.23,
    "source_sheet":"Sheet1"
  },
  {
    "No":505,
    "registration_id":"115544003342",
    "supplier_id":5076,
    "is_supplier":5076,
    "start_effective_date":"2010-06-01",
    "size":"S",
    "supplier_name":"บริษัท จีไอเอฟ ไทย แมช จำกัด (สำนักงานใหญ่)",
    "registration_date":"2001-10-05",
    "registered_capital":22000000.0,
    "trade_receivables_net":4724542.7400000002,
    "inventory":16209875.9600000009,
    "current_assets":21862841.3599999994,
    "property_plant_equipment":40591138.8699999973,
    "non_current_assets":40626136.200000003,
    "total_assets":62488977.5600000024,
    "current_liabilities":14739395.4299999997,
    "non_current_liabilities":22631426.3299999982,
    "total_liabilities":37370821.7599999979,
    "shareholders_equity":25118155.8000000007,
    "liabilities_and_equity":62488977.5600000024,
    "group":2.0,
    "main_revenue":50558471.8299999982,
    "total_revenue_fs":51946365.1000000015,
    "cost_of_goods_sold":37840540.25,
    "gross_profit":0.0,
    "selling_and_admin_expenses":11211410.7100000009,
    "total_expenses":49051950.9600000009,
    "interest_expense":1492083.6200000001,
    "profit_before_tax":1402330.52,
    "income_tax":137003.57,
    "net_profit":1265326.95,
    "no_of_buyer":1,
    "roa_percent":2.06,
    "roe_percent":5.17,
    "gross_profit_margin_percent":0.0,
    "operating_margin_percent":2.7,
    "net_margin_percent":2.44,
    "asset_turnover_ratio":0.85,
    "receivables_turnover_ratio":9.57,
    "inventory_turnover_ratio":2.92,
    "operating_expense_ratio":21.58,
    "current_ratio":1.48,
    "debt_to_asset_ratio":0.6,
    "asset_to_equity_ratio":2.49,
    "debt_to_equity_ratio":1.49,
    "source_sheet":"Sheet1"
  },
  {
    "No":751,
    "registration_id":"245558000412",
    "supplier_id":89,
    "is_supplier":89,
    "start_effective_date":null,
    "size":"S",
    "supplier_name":"บริษัท ธงทองโอสถ จำกัด (สำนักงานใหญ่)",
    "registration_date":"2015-02-09",
    "registered_capital":1000000.0,
    "trade_receivables_net":26188884.7600000016,
    "inventory":7826439.9500000002,
    "current_assets":36203103.700000003,
    "property_plant_equipment":9059173.4700000007,
    "non_current_assets":33127848.4699999988,
    "total_assets":69330952.1700000018,
    "current_liabilities":2161605.5699999998,
    "non_current_liabilities":61700000.0,
    "total_liabilities":63861605.5700000003,
    "shareholders_equity":5469346.5999999996,
    "liabilities_and_equity":69330952.1700000018,
    "group":2.0,
    "main_revenue":50624996.7700000033,
    "total_revenue_fs":50634234.6899999976,
    "cost_of_goods_sold":31557561.9100000001,
    "gross_profit":0.0,
    "selling_and_admin_expenses":15634508.1600000001,
    "total_expenses":47192070.0700000003,
    "interest_expense":0.0,
    "profit_before_tax":3442164.6200000001,
    "income_tax":690851.64,
    "net_profit":2751312.98,
    "no_of_buyer":1,
    "roa_percent":4.66,
    "roe_percent":67.21,
    "gross_profit_margin_percent":0.0,
    "operating_margin_percent":6.8,
    "net_margin_percent":5.43,
    "asset_turnover_ratio":0.86,
    "receivables_turnover_ratio":2.24,
    "inventory_turnover_ratio":5.33,
    "operating_expense_ratio":30.88,
    "current_ratio":16.75,
    "debt_to_asset_ratio":0.92,
    "asset_to_equity_ratio":12.68,
    "debt_to_equity_ratio":11.68,
    "source_sheet":"Sheet1"
  },
  {
    "No":508,
    "registration_id":"105547070466",
    "supplier_id":759,
    "is_supplier":759,
    "start_effective_date":"2015-04-01",
    "size":"S",
    "supplier_name":"บริษัท โนโวไลฟ์ จำกัด (สำนักงานใหญ่)",
    "registration_date":"2004-05-25",
    "registered_capital":10000000.0,
    "trade_receivables_net":16460077.0600000005,
    "inventory":2662121.3500000001,
    "current_assets":21074856.8599999994,
    "property_plant_equipment":5259031.4400000004,
    "non_current_assets":5495604.2199999997,
    "total_assets":26570461.0799999982,
    "current_liabilities":14072700.7300000004,
    "non_current_liabilities":0.0,
    "total_liabilities":14072700.7300000004,
    "shareholders_equity":12497760.3499999996,
    "liabilities_and_equity":26570461.0799999982,
    "group":1.0,
    "main_revenue":48672704.3800000027,
    "total_revenue_fs":48747987.4099999964,
    "cost_of_goods_sold":38487268.5200000033,
    "gross_profit":0.0,
    "selling_and_admin_expenses":10024429.8399999999,
    "total_expenses":48511698.3599999994,
    "interest_expense":452.86,
    "profit_before_tax":235836.19,
    "income_tax":69919.01,
    "net_profit":165917.18,
    "no_of_buyer":1,
    "roa_percent":0.68,
    "roe_percent":2.1,
    "gross_profit_margin_percent":0.0,
    "operating_margin_percent":0.48,
    "net_margin_percent":0.34,
    "asset_turnover_ratio":2.01,
    "receivables_turnover_ratio":3.3,
    "inventory_turnover_ratio":16.11,
    "operating_expense_ratio":20.56,
    "current_ratio":1.5,
    "debt_to_asset_ratio":0.53,
    "asset_to_equity_ratio":2.13,
    "debt_to_equity_ratio":1.13,
    "source_sheet":"Sheet1"
  },
  {
    "No":365,
    "registration_id":"733541000469",
    "supplier_id":379,
    "is_supplier":379,
    "start_effective_date":"2005-08-01",
    "size":"S",
    "supplier_name":"ห้างหุ้นส่วนจำกัด โรงงานน้ำผลไม้ไทย (สำนักงานใหญ่)",
    "registration_date":"1998-06-11",
    "registered_capital":1000000.0,
    "trade_receivables_net":9419053.7300000004,
    "inventory":0.0,
    "current_assets":10022321.8499999996,
    "property_plant_equipment":3672351.4399999999,
    "non_current_assets":3702198.96,
    "total_assets":13724520.8100000005,
    "current_liabilities":507407.55,
    "non_current_liabilities":0.0,
    "total_liabilities":507407.55,
    "shareholders_equity":13217113.2599999998,
    "liabilities_and_equity":13724520.8100000005,
    "group":1.0,
    "main_revenue":48270422.8800000027,
    "total_revenue_fs":48270428.2400000021,
    "cost_of_goods_sold":35514016.2100000009,
    "gross_profit":0.0,
    "selling_and_admin_expenses":11879049.1099999994,
    "total_expenses":47393065.3200000003,
    "interest_expense":0.0,
    "profit_before_tax":877362.92,
    "income_tax":179472.58,
    "net_profit":697890.34,
    "no_of_buyer":1,
    "roa_percent":5.19,
    "roe_percent":5.42,
    "gross_profit_margin_percent":0.0,
    "operating_margin_percent":1.82,
    "net_margin_percent":1.45,
    "asset_turnover_ratio":3.59,
    "receivables_turnover_ratio":5.58,
    "inventory_turnover_ratio":1411.12,
    "operating_expense_ratio":24.61,
    "current_ratio":19.75,
    "debt_to_asset_ratio":0.04,
    "asset_to_equity_ratio":1.04,
    "debt_to_equity_ratio":0.04,
    "source_sheet":"Sheet1"
  },
  {
    "No":205,
    "registration_id":"105544097665",
    "supplier_id":5212,
    "is_supplier":5212,
    "start_effective_date":"2010-08-01",
    "size":"S",
    "supplier_name":"บริษัท พี.ซี.ไอ. โอเวอร์ซีส์ จำกัด (สำนักงานใหญ่)",
    "registration_date":"2001-04-10",
    "registered_capital":1000000.0,
    "trade_receivables_net":7041789.5199999996,
    "inventory":929300.87,
    "current_assets":18013211.1000000015,
    "property_plant_equipment":2680293.1899999999,
    "non_current_assets":2682651.5800000001,
    "total_assets":20695862.6799999997,
    "current_liabilities":12007913.3000000007,
    "non_current_liabilities":0.0,
    "total_liabilities":12007913.3000000007,
    "shareholders_equity":8687949.3800000008,
    "liabilities_and_equity":20695862.6799999997,
    "group":1.0,
    "main_revenue":47915688.3200000003,
    "total_revenue_fs":47935234.7599999979,
    "cost_of_goods_sold":38228400.5600000024,
    "gross_profit":0.0,
    "selling_and_admin_expenses":7600262.5300000003,
    "total_expenses":45828663.0900000036,
    "interest_expense":0.0,
    "profit_before_tax":2106571.6699999999,
    "income_tax":518368.51,
    "net_profit":1588203.1599999999,
    "no_of_buyer":1,
    "roa_percent":8.34,
    "roe_percent":20.12,
    "gross_profit_margin_percent":0.0,
    "operating_margin_percent":4.39,
    "net_margin_percent":3.31,
    "asset_turnover_ratio":2.52,
    "receivables_turnover_ratio":7.82,
    "inventory_turnover_ratio":40.97,
    "operating_expense_ratio":15.86,
    "current_ratio":1.5,
    "debt_to_asset_ratio":0.58,
    "asset_to_equity_ratio":2.38,
    "debt_to_equity_ratio":1.38,
    "source_sheet":"Sheet1"
  },
  {
    "No":216,
    "registration_id":"125553010747",
    "supplier_id":5221,
    "is_supplier":5221,
    "start_effective_date":"2010-11-01",
    "size":"S",
    "supplier_name":"บริษัท บีไชน์ นูทริชั่น พลัส จำกัด (สำนักงานใหญ่)",
    "registration_date":"2010-05-07",
    "registered_capital":1000000.0,
    "trade_receivables_net":14780340.3000000007,
    "inventory":912930.0,
    "current_assets":22641866.8500000015,
    "property_plant_equipment":375793.82,
    "non_current_assets":922026.6899999999,
    "total_assets":23563893.5399999991,
    "current_liabilities":15231626.2400000002,
    "non_current_liabilities":0.0,
    "total_liabilities":15231626.2400000002,
    "shareholders_equity":8332267.2999999998,
    "liabilities_and_equity":23563893.5399999991,
    "group":1.0,
    "main_revenue":46925087.8699999973,
    "total_revenue_fs":46959258.4399999976,
    "cost_of_goods_sold":33978385.8999999985,
    "gross_profit":0.0,
    "selling_and_admin_expenses":9853107.3699999992,
    "total_expenses":43831493.2700000033,
    "interest_expense":0.0,
    "profit_before_tax":3127765.1699999999,
    "income_tax":636381.38,
    "net_profit":2491383.79,
    "no_of_buyer":1,
    "roa_percent":11.64,
    "roe_percent":35.16,
    "gross_profit_margin_percent":0.0,
    "operating_margin_percent":6.66,
    "net_margin_percent":5.31,
    "asset_turnover_ratio":2.19,
    "receivables_turnover_ratio":6.35,
    "inventory_turnover_ratio":50.12,
    "operating_expense_ratio":20.98,
    "current_ratio":1.49,
    "debt_to_asset_ratio":0.65,
    "asset_to_equity_ratio":2.83,
    "debt_to_equity_ratio":1.83,
    "source_sheet":"Sheet1"
  },
  {
    "No":656,
    "registration_id":"105531060792",
    "supplier_id":5407,
    "is_supplier":5407,
    "start_effective_date":"2013-12-01",
    "size":"S",
    "supplier_name":"บริษัท ซีซันกรุ๊ป จำกัด (สำนักงานใหญ่)",
    "registration_date":"1988-08-10",
    "registered_capital":20000000.0,
    "trade_receivables_net":3793373.3100000001,
    "inventory":234838.54,
    "current_assets":13263666.4600000009,
    "property_plant_equipment":7878751.71,
    "non_current_assets":8434460.8300000001,
    "total_assets":21698127.2899999991,
    "current_liabilities":6242850.9699999997,
    "non_current_liabilities":6883431.96,
    "total_liabilities":13126282.9299999997,
    "shareholders_equity":8571844.3599999994,
    "liabilities_and_equity":21698127.2899999991,
    "group":1.0,
    "main_revenue":45506474.9600000009,
    "total_revenue_fs":45552887.8900000006,
    "cost_of_goods_sold":31850313.6900000013,
    "gross_profit":0.0,
    "selling_and_admin_expenses":10496762.3599999994,
    "total_expenses":42511473.9699999988,
    "interest_expense":0.0,
    "profit_before_tax":3041413.9199999999,
    "income_tax":728916.36,
    "net_profit":2312497.5600000001,
    "no_of_buyer":1,
    "roa_percent":11.2,
    "roe_percent":31.18,
    "gross_profit_margin_percent":0.0,
    "operating_margin_percent":6.68,
    "net_margin_percent":5.08,
    "asset_turnover_ratio":2.21,
    "receivables_turnover_ratio":10.88,
    "inventory_turnover_ratio":139.62,
    "operating_expense_ratio":23.04,
    "current_ratio":2.12,
    "debt_to_asset_ratio":0.6,
    "asset_to_equity_ratio":2.53,
    "debt_to_equity_ratio":1.53,
    "source_sheet":"Sheet1"
  },
  {
    "No":443,
    "registration_id":"105556068061",
    "supplier_id":5654,
    "is_supplier":5654,
    "start_effective_date":"2016-05-01",
    "size":"S",
    "supplier_name":"บริษัท เอ็นยูยูไอ เวิลด์ จำกัด",
    "registration_date":"2013-04-24",
    "registered_capital":10000000.0,
    "trade_receivables_net":5035687.25,
    "inventory":1682834.0,
    "current_assets":16994559.4200000018,
    "property_plant_equipment":750119.2,
    "non_current_assets":785621.11,
    "total_assets":17780180.5300000012,
    "current_liabilities":1355447.4299999999,
    "non_current_liabilities":6963144.7300000004,
    "total_liabilities":8318592.1600000001,
    "shareholders_equity":9461588.3699999992,
    "liabilities_and_equity":17780180.5300000012,
    "group":1.0,
    "main_revenue":45072120.0700000003,
    "total_revenue_fs":45083047.2100000009,
    "cost_of_goods_sold":18776720.9100000001,
    "gross_profit":0.0,
    "selling_and_admin_expenses":24122990.8099999987,
    "total_expenses":42899711.7199999988,
    "interest_expense":0.0,
    "profit_before_tax":2183335.4900000002,
    "income_tax":0.0,
    "net_profit":2183335.4900000002,
    "no_of_buyer":1,
    "roa_percent":20.07,
    "roe_percent":56.42,
    "gross_profit_margin_percent":0.0,
    "operating_margin_percent":4.84,
    "net_margin_percent":4.84,
    "asset_turnover_ratio":4.14,
    "receivables_turnover_ratio":15.49,
    "inventory_turnover_ratio":9.19,
    "operating_expense_ratio":53.51,
    "current_ratio":12.54,
    "debt_to_asset_ratio":0.47,
    "asset_to_equity_ratio":1.88,
    "debt_to_equity_ratio":0.88,
    "source_sheet":"Sheet1"
  },
  {
    "No":442,
    "registration_id":"105541001063",
    "supplier_id":5293,
    "is_supplier":5293,
    "start_effective_date":"2012-05-01",
    "size":"S",
    "supplier_name":"บริษัท สมุนไพรทิพย์นิยม จำกัด (สำนักงานใหญ่)",
    "registration_date":"1998-01-07",
    "registered_capital":1000000.0,
    "trade_receivables_net":3632942.79,
    "inventory":6864739.0599999996,
    "current_assets":11272072.2200000007,
    "property_plant_equipment":6183884.5999999996,
    "non_current_assets":6183884.5999999996,
    "total_assets":17455956.8200000003,
    "current_liabilities":8642062.5399999991,
    "non_current_liabilities":0.0,
    "total_liabilities":8642062.5399999991,
    "shareholders_equity":8813894.2799999993,
    "liabilities_and_equity":17455956.8200000003,
    "group":1.0,
    "main_revenue":44813103.25,
    "total_revenue_fs":44860887.6799999997,
    "cost_of_goods_sold":36742730.549999997,
    "gross_profit":0.0,
    "selling_and_admin_expenses":5327679.8200000003,
    "total_expenses":42070410.3699999973,
    "interest_expense":0.0,
    "profit_before_tax":2790477.3100000001,
    "income_tax":565751.03,
    "net_profit":2224726.2799999998,
    "no_of_buyer":1,
    "roa_percent":11.78,
    "roe_percent":23.41,
    "gross_profit_margin_percent":0.0,
    "operating_margin_percent":6.22,
    "net_margin_percent":4.96,
    "asset_turnover_ratio":2.38,
    "receivables_turnover_ratio":9.1,
    "inventory_turnover_ratio":6.02,
    "operating_expense_ratio":11.88,
    "current_ratio":1.3,
    "debt_to_asset_ratio":0.5,
    "asset_to_equity_ratio":1.98,
    "debt_to_equity_ratio":0.98,
    "source_sheet":"Sheet1"
  },
  {
    "No":457,
    "registration_id":"135549000597",
    "supplier_id":5360,
    "is_supplier":5360,
    "start_effective_date":"2013-03-01",
    "size":"S",
    "supplier_name":"บริษัท ซิโฟน่า ค๊อฟฟี่ จำกัด (สำนักงานใหญ่)",
    "registration_date":"2006-01-17",
    "registered_capital":30000000.0,
    "trade_receivables_net":12798919.5500000007,
    "inventory":7928324.8300000001,
    "current_assets":21182139.3900000006,
    "property_plant_equipment":4053137.8399999999,
    "non_current_assets":4296752.8399999999,
    "total_assets":25478892.2300000004,
    "current_liabilities":22149097.7800000012,
    "non_current_liabilities":69834092.9099999964,
    "total_liabilities":91983190.6899999976,
    "shareholders_equity":-66504298.4600000009,
    "liabilities_and_equity":25478892.2300000004,
    "group":1.0,
    "main_revenue":43864468.2899999991,
    "total_revenue_fs":43935455.4399999976,
    "cost_of_goods_sold":35816707.1799999997,
    "gross_profit":0.0,
    "selling_and_admin_expenses":5042937.4500000002,
    "total_expenses":40859644.6300000027,
    "interest_expense":1123746.3300000001,
    "profit_before_tax":1952064.48,
    "income_tax":0.0,
    "net_profit":1952064.48,
    "no_of_buyer":1,
    "roa_percent":8.75,
    "roe_percent":-2.89,
    "gross_profit_margin_percent":0.0,
    "operating_margin_percent":4.44,
    "net_margin_percent":4.44,
    "asset_turnover_ratio":1.97,
    "receivables_turnover_ratio":5.33,
    "inventory_turnover_ratio":3.93,
    "operating_expense_ratio":11.48,
    "current_ratio":0.96,
    "debt_to_asset_ratio":3.61,
    "asset_to_equity_ratio":-0.38,
    "debt_to_equity_ratio":-1.38,
    "source_sheet":"Sheet1"
  },
  {
    "No":236,
    "registration_id":"733548000961",
    "supplier_id":2022,
    "is_supplier":2022,
    "start_effective_date":"2008-01-01",
    "size":"S",
    "supplier_name":"ห้างหุ้นส่วนจำกัด กำปั่นทอง เทรดดิ้ง (สำนักงานใหญ่)",
    "registration_date":"2005-06-06",
    "registered_capital":550000.0,
    "trade_receivables_net":30000.0,
    "inventory":1239936.0,
    "current_assets":1795107.3700000001,
    "property_plant_equipment":828991.51,
    "non_current_assets":7630191.5099999998,
    "total_assets":9425298.8800000008,
    "current_liabilities":5242411.71,
    "non_current_liabilities":0.0,
    "total_liabilities":5242411.71,
    "shareholders_equity":4182887.1699999999,
    "liabilities_and_equity":9425298.8800000008,
    "group":1.0,
    "main_revenue":42220720.0,
    "total_revenue_fs":42263120.9200000018,
    "cost_of_goods_sold":37770617.25,
    "gross_profit":0.0,
    "selling_and_admin_expenses":3900654.3900000001,
    "total_expenses":41671271.6400000006,
    "interest_expense":5176.27,
    "profit_before_tax":586673.01,
    "income_tax":117447.47,
    "net_profit":469225.54,
    "no_of_buyer":1,
    "roa_percent":5.07,
    "roe_percent":11.88,
    "gross_profit_margin_percent":0.0,
    "operating_margin_percent":1.39,
    "net_margin_percent":1.11,
    "asset_turnover_ratio":4.57,
    "receivables_turnover_ratio":1300.4,
    "inventory_turnover_ratio":30.19,
    "operating_expense_ratio":9.23,
    "current_ratio":0.34,
    "debt_to_asset_ratio":0.56,
    "asset_to_equity_ratio":2.25,
    "debt_to_equity_ratio":1.25,
    "source_sheet":"Sheet1"
  },
  {
    "No":588,
    "registration_id":"105535067546",
    "supplier_id":5319,
    "is_supplier":5319,
    "start_effective_date":"2012-10-01",
    "size":"S",
    "supplier_name":"บริษัท สมุนไพร นวลอนงค์ จำกัด (สำนักงานใหญ่)",
    "registration_date":"1992-04-22",
    "registered_capital":3000000.0,
    "trade_receivables_net":2960907.5600000001,
    "inventory":5619818.1200000001,
    "current_assets":10541443.7699999996,
    "property_plant_equipment":4302324.8300000001,
    "non_current_assets":5001305.8300000001,
    "total_assets":15542749.5999999996,
    "current_liabilities":9716754.4000000004,
    "non_current_liabilities":988804.0,
    "total_liabilities":10705558.4000000004,
    "shareholders_equity":4837191.2000000002,
    "liabilities_and_equity":15542749.5999999996,
    "group":1.0,
    "main_revenue":42046414.1700000018,
    "total_revenue_fs":42047204.0900000036,
    "cost_of_goods_sold":28048428.7300000004,
    "gross_profit":0.0,
    "selling_and_admin_expenses":13111949.8399999999,
    "total_expenses":41160378.5700000003,
    "interest_expense":86771.11,
    "profit_before_tax":800054.41,
    "income_tax":213709.24,
    "net_profit":586345.17,
    "no_of_buyer":1,
    "roa_percent":4.29,
    "roe_percent":12.9,
    "gross_profit_margin_percent":0.0,
    "operating_margin_percent":1.9,
    "net_margin_percent":1.39,
    "asset_turnover_ratio":3.07,
    "receivables_turnover_ratio":18.7,
    "inventory_turnover_ratio":4.64,
    "operating_expense_ratio":31.18,
    "current_ratio":1.08,
    "debt_to_asset_ratio":0.69,
    "asset_to_equity_ratio":3.21,
    "debt_to_equity_ratio":2.21,
    "source_sheet":"Sheet1"
  },
  {
    "No":233,
    "registration_id":"105558047231",
    "supplier_id":500,
    "is_supplier":500,
    "start_effective_date":"2015-10-01",
    "size":"S",
    "supplier_name":"บริษัท ภัทรธำรงค์ จำกัด (สำนักงานใหญ่)",
    "registration_date":"2015-03-16",
    "registered_capital":1000000.0,
    "trade_receivables_net":13233300.0299999993,
    "inventory":324546.0,
    "current_assets":13633084.6199999992,
    "property_plant_equipment":4165744.1600000001,
    "non_current_assets":4187744.1600000001,
    "total_assets":17820828.7800000012,
    "current_liabilities":5415494.5499999998,
    "non_current_liabilities":9376887.7899999991,
    "total_liabilities":14792382.3399999999,
    "shareholders_equity":3028446.4399999999,
    "liabilities_and_equity":17820828.7800000012,
    "group":1.0,
    "main_revenue":41694228.1799999997,
    "total_revenue_fs":41699419.1300000027,
    "cost_of_goods_sold":0.0,
    "gross_profit":0.0,
    "selling_and_admin_expenses":0.0,
    "total_expenses":38988653.1700000018,
    "interest_expense":625778.5699999999,
    "profit_before_tax":2084987.3899999999,
    "income_tax":424172.62,
    "net_profit":1660814.77,
    "no_of_buyer":2,
    "roa_percent":9.38,
    "roe_percent":75.56,
    "gross_profit_margin_percent":0.0,
    "operating_margin_percent":5.0,
    "net_margin_percent":3.98,
    "asset_turnover_ratio":2.35,
    "receivables_turnover_ratio":3.25,
    "inventory_turnover_ratio":0.0,
    "operating_expense_ratio":0.0,
    "current_ratio":2.52,
    "debt_to_asset_ratio":0.83,
    "asset_to_equity_ratio":5.88,
    "debt_to_equity_ratio":4.88,
    "source_sheet":"Sheet1"
  },
  {
    "No":471,
    "registration_id":"105531013051",
    "supplier_id":5426,
    "is_supplier":5426,
    "start_effective_date":"2014-02-01",
    "size":"S",
    "supplier_name":"บริษัท ไดเรคเตอร์ทอย จำกัด (สำนักงานใหญ่)",
    "registration_date":"1988-02-23",
    "registered_capital":25000000.0,
    "trade_receivables_net":9498331.6699999999,
    "inventory":11469707.1799999997,
    "current_assets":21514345.9899999984,
    "property_plant_equipment":19102551.8900000006,
    "non_current_assets":19640148.0199999996,
    "total_assets":41154494.0099999979,
    "current_liabilities":25061876.6400000006,
    "non_current_liabilities":0.0,
    "total_liabilities":25061876.6400000006,
    "shareholders_equity":16092617.3699999992,
    "liabilities_and_equity":41154494.0099999979,
    "group":1.0,
    "main_revenue":40665953.7700000033,
    "total_revenue_fs":40735142.6899999976,
    "cost_of_goods_sold":23934489.3000000007,
    "gross_profit":0.0,
    "selling_and_admin_expenses":16186104.9399999995,
    "total_expenses":40120594.2400000021,
    "interest_expense":1117996.29,
    "profit_before_tax":-503447.84,
    "income_tax":80930.31,
    "net_profit":-584378.15,
    "no_of_buyer":1,
    "roa_percent":-1.47,
    "roe_percent":-3.57,
    "gross_profit_margin_percent":0.0,
    "operating_margin_percent":-1.24,
    "net_margin_percent":-1.43,
    "asset_turnover_ratio":1.02,
    "receivables_turnover_ratio":4.5,
    "inventory_turnover_ratio":2.66,
    "operating_expense_ratio":39.74,
    "current_ratio":0.86,
    "debt_to_asset_ratio":0.61,
    "asset_to_equity_ratio":2.56,
    "debt_to_equity_ratio":1.56,
    "source_sheet":"Sheet1"
  },
  {
    "No":547,
    "registration_id":"103533032379",
    "supplier_id":2105,
    "is_supplier":2105,
    "start_effective_date":"2007-05-01",
    "size":"S",
    "supplier_name":"ห้างหุ้นส่วนจำกัด พี.เค.ภัทรกิจ (สำนักงานใหญ่)",
    "registration_date":"1990-11-14",
    "registered_capital":1200000.0,
    "trade_receivables_net":0.0,
    "inventory":5199757.7599999998,
    "current_assets":5636446.0,
    "property_plant_equipment":687560.59,
    "non_current_assets":8959460.5899999999,
    "total_assets":14595906.5899999999,
    "current_liabilities":2083446.52,
    "non_current_liabilities":46448.22,
    "total_liabilities":2129894.7400000002,
    "shareholders_equity":12466011.8499999996,
    "liabilities_and_equity":14595906.5899999999,
    "group":1.0,
    "main_revenue":39964431.3699999973,
    "total_revenue_fs":40046331.3699999973,
    "cost_of_goods_sold":31406266.8099999987,
    "gross_profit":0.0,
    "selling_and_admin_expenses":7562197.46,
    "total_expenses":38968464.2700000033,
    "interest_expense":25052.19,
    "profit_before_tax":1052814.9099999999,
    "income_tax":210713.88,
    "net_profit":842101.03,
    "no_of_buyer":1,
    "roa_percent":5.93,
    "roe_percent":6.99,
    "gross_profit_margin_percent":0.0,
    "operating_margin_percent":2.63,
    "net_margin_percent":2.1,
    "asset_turnover_ratio":2.82,
    "receivables_turnover_ratio":0.0,
    "inventory_turnover_ratio":5.82,
    "operating_expense_ratio":18.88,
    "current_ratio":2.71,
    "debt_to_asset_ratio":0.15,
    "asset_to_equity_ratio":1.17,
    "debt_to_equity_ratio":0.17,
    "source_sheet":"Sheet1"
  },
  {
    "No":242,
    "registration_id":"723555000628",
    "supplier_id":2045,
    "is_supplier":2045,
    "start_effective_date":"2008-01-01",
    "size":"S",
    "supplier_name":"ห้างหุ้นส่วนจำกัด เจ แอนด์ เอ็น 2012 (สำนักงานใหญ่)",
    "registration_date":"2012-06-07",
    "registered_capital":500000.0,
    "trade_receivables_net":12833787.6500000004,
    "inventory":6041149.1399999997,
    "current_assets":19143715.8999999985,
    "property_plant_equipment":13184781.5,
    "non_current_assets":13184781.5,
    "total_assets":32328497.3999999985,
    "current_liabilities":12918408.4100000001,
    "non_current_liabilities":15561495.3800000008,
    "total_liabilities":28479903.7899999991,
    "shareholders_equity":3848593.6099999999,
    "liabilities_and_equity":32328497.3999999985,
    "group":1.0,
    "main_revenue":39363725.5799999982,
    "total_revenue_fs":39364250.5799999982,
    "cost_of_goods_sold":35683011.6599999964,
    "gross_profit":0.0,
    "selling_and_admin_expenses":3049418.0899999999,
    "total_expenses":38732429.75,
    "interest_expense":56580.82,
    "profit_before_tax":575240.01,
    "income_tax":133560.76,
    "net_profit":441679.25,
    "no_of_buyer":1,
    "roa_percent":2.36,
    "roe_percent":12.18,
    "gross_profit_margin_percent":0.0,
    "operating_margin_percent":1.46,
    "net_margin_percent":1.12,
    "asset_turnover_ratio":2.1,
    "receivables_turnover_ratio":4.62,
    "inventory_turnover_ratio":11.43,
    "operating_expense_ratio":7.75,
    "current_ratio":1.48,
    "debt_to_asset_ratio":0.88,
    "asset_to_equity_ratio":8.4,
    "debt_to_equity_ratio":7.4,
    "source_sheet":"Sheet1"
  },
  {
    "No":243,
    "registration_id":"723558000068",
    "supplier_id":2195,
    "is_supplier":2195,
    "start_effective_date":"2008-04-01",
    "size":"S",
    "supplier_name":"ห้างหุ้นส่วนจำกัดภพไพลิน ฟู้ดแอนด์ดริ้งส์ (สำนักงานใหญ่)",
    "registration_date":"2015-01-19",
    "registered_capital":1000000.0,
    "trade_receivables_net":727591.42,
    "inventory":0.0,
    "current_assets":1175482.6699999999,
    "property_plant_equipment":2587541.8100000001,
    "non_current_assets":6587541.8099999996,
    "total_assets":7763024.4800000004,
    "current_liabilities":3569602.23,
    "non_current_liabilities":0.0,
    "total_liabilities":3569602.23,
    "shareholders_equity":4193422.25,
    "liabilities_and_equity":7763024.4800000004,
    "group":1.0,
    "main_revenue":38891716.0300000012,
    "total_revenue_fs":39012051.200000003,
    "cost_of_goods_sold":29414325.4299999997,
    "gross_profit":0.0,
    "selling_and_admin_expenses":7536829.3700000001,
    "total_expenses":36951154.799999997,
    "interest_expense":0.0,
    "profit_before_tax":2060896.3999999999,
    "income_tax":0.0,
    "net_profit":2060896.3999999999,
    "no_of_buyer":1,
    "roa_percent":30.37,
    "roe_percent":61.16,
    "gross_profit_margin_percent":0.0,
    "operating_margin_percent":5.28,
    "net_margin_percent":5.28,
    "asset_turnover_ratio":5.75,
    "receivables_turnover_ratio":53.62,
    "inventory_turnover_ratio":0.0,
    "operating_expense_ratio":19.32,
    "current_ratio":0.33,
    "debt_to_asset_ratio":0.46,
    "asset_to_equity_ratio":1.85,
    "debt_to_equity_ratio":0.85,
    "source_sheet":"Sheet1"
  },
  {
    "No":675,
    "registration_id":"105550084715",
    "supplier_id":5495,
    "is_supplier":5495,
    "start_effective_date":"2014-06-01",
    "size":"S",
    "supplier_name":"บริษัท ดี.เอช.เอ. (ลาบอราทอรี่) จำกัด (สาขาที่ 00001)",
    "registration_date":"2007-08-10",
    "registered_capital":5000000.0,
    "trade_receivables_net":13211944.0,
    "inventory":11352665.0,
    "current_assets":28658034.0,
    "property_plant_equipment":53561474.0,
    "non_current_assets":55109169.0,
    "total_assets":83767203.0,
    "current_liabilities":96722749.0,
    "non_current_liabilities":0.0,
    "total_liabilities":96722749.0,
    "shareholders_equity":-12955546.0,
    "liabilities_and_equity":83767203.0,
    "group":1.0,
    "main_revenue":38496070.0,
    "total_revenue_fs":38673963.0,
    "cost_of_goods_sold":24644652.0,
    "gross_profit":0.0,
    "selling_and_admin_expenses":13707456.0,
    "total_expenses":38352108.0,
    "interest_expense":0.0,
    "profit_before_tax":321855.0,
    "income_tax":0.0,
    "net_profit":321855.0,
    "no_of_buyer":1,
    "roa_percent":0.38,
    "roe_percent":-2.45,
    "gross_profit_margin_percent":0.0,
    "operating_margin_percent":0.83,
    "net_margin_percent":0.83,
    "asset_turnover_ratio":0.46,
    "receivables_turnover_ratio":2.9,
    "inventory_turnover_ratio":1.98,
    "operating_expense_ratio":35.44,
    "current_ratio":0.3,
    "debt_to_asset_ratio":1.15,
    "asset_to_equity_ratio":-6.47,
    "debt_to_equity_ratio":-7.47,
    "source_sheet":"Sheet1"
  },
  {
    "No":272,
    "registration_id":"205542003263",
    "supplier_id":2070,
    "is_supplier":2070,
    "start_effective_date":"2005-08-01",
    "size":"S",
    "supplier_name":"บริษัท หนองมน เอสเอ็มเจ โปรดักส์ จำกัด (สำนักงานใหญ่)",
    "registration_date":"1999-08-06",
    "registered_capital":5000000.0,
    "trade_receivables_net":3553762.75,
    "inventory":894254.2,
    "current_assets":4866963.6100000003,
    "property_plant_equipment":4189021.79,
    "non_current_assets":27989021.7899999991,
    "total_assets":32855985.3999999985,
    "current_liabilities":2241824.3500000001,
    "non_current_liabilities":0.0,
    "total_liabilities":2241824.3500000001,
    "shareholders_equity":30614161.0500000007,
    "liabilities_and_equity":32855985.3999999985,
    "group":1.0,
    "main_revenue":37025629.9799999967,
    "total_revenue_fs":37186769.6899999976,
    "cost_of_goods_sold":30456241.1900000013,
    "gross_profit":0.0,
    "selling_and_admin_expenses":4068771.6899999999,
    "total_expenses":34525012.8800000027,
    "interest_expense":0.0,
    "profit_before_tax":2661756.8100000001,
    "income_tax":532351.86,
    "net_profit":2129404.9500000002,
    "no_of_buyer":1,
    "roa_percent":6.69,
    "roe_percent":7.21,
    "gross_profit_margin_percent":0.0,
    "operating_margin_percent":7.16,
    "net_margin_percent":5.73,
    "asset_turnover_ratio":1.17,
    "receivables_turnover_ratio":11.24,
    "inventory_turnover_ratio":30.6,
    "operating_expense_ratio":10.94,
    "current_ratio":2.17,
    "debt_to_asset_ratio":0.07,
    "asset_to_equity_ratio":1.07,
    "debt_to_equity_ratio":0.07,
    "source_sheet":"Sheet1"
  },
  {
    "No":408,
    "registration_id":"115552001710",
    "supplier_id":5445,
    "is_supplier":5445,
    "start_effective_date":"2014-03-01",
    "size":"S",
    "supplier_name":"บริษัท วี เอส 09 ออริจินอล เฮิร์บ จำกัด (สำนักงานใหญ่)",
    "registration_date":"2009-02-17",
    "registered_capital":1000000.0,
    "trade_receivables_net":3666637.4700000002,
    "inventory":19335868.3200000003,
    "current_assets":23316047.3299999982,
    "property_plant_equipment":8858812.7599999998,
    "non_current_assets":8858812.7599999998,
    "total_assets":32174860.0899999999,
    "current_liabilities":11726470.5600000005,
    "non_current_liabilities":19399507.7800000012,
    "total_liabilities":31125978.3399999999,
    "shareholders_equity":1048881.75,
    "liabilities_and_equity":32174860.0899999999,
    "group":1.0,
    "main_revenue":35967379.25,
    "total_revenue_fs":35971291.9799999967,
    "cost_of_goods_sold":14450223.9100000001,
    "gross_profit":0.0,
    "selling_and_admin_expenses":18714808.2699999996,
    "total_expenses":33165032.1799999997,
    "interest_expense":1430888.52,
    "profit_before_tax":1375371.28,
    "income_tax":349866.92,
    "net_profit":1025504.36,
    "no_of_buyer":1,
    "roa_percent":3.57,
    "roe_percent":191.28,
    "gross_profit_margin_percent":0.0,
    "operating_margin_percent":3.82,
    "net_margin_percent":2.85,
    "asset_turnover_ratio":1.25,
    "receivables_turnover_ratio":15.52,
    "inventory_turnover_ratio":0.86,
    "operating_expense_ratio":52.03,
    "current_ratio":1.99,
    "debt_to_asset_ratio":0.97,
    "asset_to_equity_ratio":30.68,
    "debt_to_equity_ratio":29.68,
    "source_sheet":"Sheet1"
  },
  {
    "No":621,
    "registration_id":"105541073145",
    "supplier_id":724,
    "is_supplier":724,
    "start_effective_date":"2015-04-01",
    "size":"S",
    "supplier_name":"บริษัท อี.ที.ซี. เอี๊ยบตงจั่น จำกัด (สำนักงานใหญ่)",
    "registration_date":"1998-11-23",
    "registered_capital":15000000.0,
    "trade_receivables_net":5771483.9699999997,
    "inventory":14888908.4100000001,
    "current_assets":24205686.0100000016,
    "property_plant_equipment":41493770.7800000012,
    "non_current_assets":41865748.5700000003,
    "total_assets":66071434.5799999982,
    "current_liabilities":1108408.0600000001,
    "non_current_liabilities":47950000.0,
    "total_liabilities":49058408.0600000024,
    "shareholders_equity":17013026.5199999996,
    "liabilities_and_equity":66071434.5799999982,
    "group":1.0,
    "main_revenue":35377628.6400000006,
    "total_revenue_fs":35377849.2599999979,
    "cost_of_goods_sold":26644417.6600000001,
    "gross_profit":0.0,
    "selling_and_admin_expenses":8000701.4800000004,
    "total_expenses":34645119.1400000006,
    "interest_expense":34.81,
    "profit_before_tax":732695.3100000001,
    "income_tax":155361.76,
    "net_profit":577333.55,
    "no_of_buyer":1,
    "roa_percent":0.85,
    "roe_percent":3.45,
    "gross_profit_margin_percent":0.0,
    "operating_margin_percent":2.07,
    "net_margin_percent":1.63,
    "asset_turnover_ratio":0.52,
    "receivables_turnover_ratio":6.58,
    "inventory_turnover_ratio":1.53,
    "operating_expense_ratio":22.62,
    "current_ratio":21.84,
    "debt_to_asset_ratio":0.74,
    "asset_to_equity_ratio":3.88,
    "debt_to_equity_ratio":2.88,
    "source_sheet":"Sheet1"
  },
  {
    "No":269,
    "registration_id":"135551011347",
    "supplier_id":5526,
    "is_supplier":5526,
    "start_effective_date":"2014-09-01",
    "size":"S",
    "supplier_name":"บริษัท ที เทรดเด็กซ์ จำกัด(สำนักงานใหญ่)",
    "registration_date":"2008-11-17",
    "registered_capital":1000000.0,
    "trade_receivables_net":7168330.5899999999,
    "inventory":1194072.22,
    "current_assets":16815142.9899999984,
    "property_plant_equipment":4507485.7999999998,
    "non_current_assets":5542485.7999999998,
    "total_assets":22357628.7899999991,
    "current_liabilities":12811416.1199999992,
    "non_current_liabilities":6904167.9299999997,
    "total_liabilities":19715584.0500000007,
    "shareholders_equity":2642044.7400000002,
    "liabilities_and_equity":22357628.7899999991,
    "group":1.0,
    "main_revenue":33571266.25,
    "total_revenue_fs":33573304.299999997,
    "cost_of_goods_sold":16464492.6300000008,
    "gross_profit":0.0,
    "selling_and_admin_expenses":15280352.9299999997,
    "total_expenses":31744845.5599999987,
    "interest_expense":1535439.23,
    "profit_before_tax":293019.51,
    "income_tax":236961.84,
    "net_profit":56057.67,
    "no_of_buyer":1,
    "roa_percent":0.25,
    "roe_percent":2.14,
    "gross_profit_margin_percent":0.0,
    "operating_margin_percent":0.87,
    "net_margin_percent":0.17,
    "asset_turnover_ratio":1.52,
    "receivables_turnover_ratio":5.04,
    "inventory_turnover_ratio":15.1,
    "operating_expense_ratio":45.51,
    "current_ratio":1.31,
    "debt_to_asset_ratio":0.88,
    "asset_to_equity_ratio":8.46,
    "debt_to_equity_ratio":7.46,
    "source_sheet":"Sheet1"
  },
  {
    "No":334,
    "registration_id":"105537086874",
    "supplier_id":360,
    "is_supplier":360,
    "start_effective_date":"2005-08-01",
    "size":"S",
    "supplier_name":"บริษัท ที คอสโม อินเตอร์เนชั่นแนล จำกัด (สำนักงานใหญ่)",
    "registration_date":"1994-07-27",
    "registered_capital":7000000.0,
    "trade_receivables_net":8080720.5499999998,
    "inventory":4432328.0,
    "current_assets":13477580.5800000001,
    "property_plant_equipment":2711705.4399999999,
    "non_current_assets":2723705.4399999999,
    "total_assets":16201286.0199999996,
    "current_liabilities":12763011.1300000008,
    "non_current_liabilities":0.0,
    "total_liabilities":12763011.1300000008,
    "shareholders_equity":3438274.8900000001,
    "liabilities_and_equity":16201286.0199999996,
    "group":1.0,
    "main_revenue":31399173.8299999982,
    "total_revenue_fs":33521559.0500000007,
    "cost_of_goods_sold":23667522.1600000001,
    "gross_profit":0.0,
    "selling_and_admin_expenses":8935952.0899999999,
    "total_expenses":32603474.25,
    "interest_expense":329936.2,
    "profit_before_tax":588148.6,
    "income_tax":158975.2,
    "net_profit":429173.4,
    "no_of_buyer":1,
    "roa_percent":2.7,
    "roe_percent":13.31,
    "gross_profit_margin_percent":0.0,
    "operating_margin_percent":1.75,
    "net_margin_percent":1.28,
    "asset_turnover_ratio":2.11,
    "receivables_turnover_ratio":3.91,
    "inventory_turnover_ratio":7.1,
    "operating_expense_ratio":26.66,
    "current_ratio":1.06,
    "debt_to_asset_ratio":0.79,
    "asset_to_equity_ratio":4.71,
    "debt_to_equity_ratio":3.71,
    "source_sheet":"Sheet1"
  },
  {
    "No":323,
    "registration_id":"105546042574",
    "supplier_id":5234,
    "is_supplier":5234,
    "start_effective_date":"2011-04-01",
    "size":"S",
    "supplier_name":"บริษัท ไซเบอร์แลนด์ แปซิฟิค จำกัด (สำนักงานใหญ่)",
    "registration_date":"2003-04-04",
    "registered_capital":3000000.0,
    "trade_receivables_net":7889773.5599999996,
    "inventory":1216869.29,
    "current_assets":24944123.9499999993,
    "property_plant_equipment":1727804.54,
    "non_current_assets":4052804.54,
    "total_assets":28996928.4899999984,
    "current_liabilities":19227010.120000001,
    "non_current_liabilities":364898.16,
    "total_liabilities":19591908.2800000012,
    "shareholders_equity":9405020.2100000009,
    "liabilities_and_equity":28996928.4899999984,
    "group":1.0,
    "main_revenue":32410330.6700000018,
    "total_revenue_fs":32489362.6999999993,
    "cost_of_goods_sold":23224950.2100000009,
    "gross_profit":0.0,
    "selling_and_admin_expenses":7586463.9400000004,
    "total_expenses":30811414.1499999985,
    "interest_expense":1522722.0600000001,
    "profit_before_tax":155226.49,
    "income_tax":85781.41,
    "net_profit":69445.08,
    "no_of_buyer":1,
    "roa_percent":0.23,
    "roe_percent":0.74,
    "gross_profit_margin_percent":0.0,
    "operating_margin_percent":0.48,
    "net_margin_percent":0.21,
    "asset_turnover_ratio":1.07,
    "receivables_turnover_ratio":3.62,
    "inventory_turnover_ratio":26.4,
    "operating_expense_ratio":23.35,
    "current_ratio":1.3,
    "debt_to_asset_ratio":0.68,
    "asset_to_equity_ratio":3.08,
    "debt_to_equity_ratio":2.08,
    "source_sheet":"Sheet1"
  },
  {
    "No":295,
    "registration_id":"105541008416",
    "supplier_id":2086,
    "is_supplier":2086,
    "start_effective_date":"2005-08-01",
    "size":"S",
    "supplier_name":"บริษัท ทรี โพรเกรส โพรดักส์ จำกัด (สำนักงานใหญ่)",
    "registration_date":"1998-02-09",
    "registered_capital":1000000.0,
    "trade_receivables_net":2483546.4500000002,
    "inventory":1262944.45,
    "current_assets":16408844.0399999991,
    "property_plant_equipment":539078.53,
    "non_current_assets":539078.53,
    "total_assets":16947922.5700000003,
    "current_liabilities":594331.91,
    "non_current_liabilities":0.0,
    "total_liabilities":594331.91,
    "shareholders_equity":16353590.6600000001,
    "liabilities_and_equity":16947922.5700000003,
    "group":1.0,
    "main_revenue":32368659.4899999984,
    "total_revenue_fs":32368659.4899999984,
    "cost_of_goods_sold":24979578.6499999985,
    "gross_profit":0.0,
    "selling_and_admin_expenses":4868422.5800000001,
    "total_expenses":29848001.2300000004,
    "interest_expense":0.0,
    "profit_before_tax":2520658.2599999998,
    "income_tax":504530.05,
    "net_profit":2016128.21,
    "no_of_buyer":3,
    "roa_percent":12.5,
    "roe_percent":13.14,
    "gross_profit_margin_percent":0.0,
    "operating_margin_percent":7.79,
    "net_margin_percent":6.23,
    "asset_turnover_ratio":2.01,
    "receivables_turnover_ratio":6.85,
    "inventory_turnover_ratio":18.27,
    "operating_expense_ratio":15.04,
    "current_ratio":27.61,
    "debt_to_asset_ratio":0.04,
    "asset_to_equity_ratio":1.04,
    "debt_to_equity_ratio":0.04,
    "source_sheet":"Sheet1"
  },
  {
    "No":363,
    "registration_id":"205556038412",
    "supplier_id":5485,
    "is_supplier":5485,
    "start_effective_date":"2014-07-01",
    "size":"S",
    "supplier_name":"บริษัท ทีอาร์ ไทยฟู้ดส์ จำกัด (สำนักงานใหญ่)",
    "registration_date":"2013-11-29",
    "registered_capital":5000000.0,
    "trade_receivables_net":8366443.0899999999,
    "inventory":3935255.4399999999,
    "current_assets":14807268.1600000001,
    "property_plant_equipment":45607351.8100000024,
    "non_current_assets":45609321.8100000024,
    "total_assets":60416589.9699999988,
    "current_liabilities":51629307.5200000033,
    "non_current_liabilities":23507262.6900000013,
    "total_liabilities":75136570.2099999934,
    "shareholders_equity":-14719980.2400000002,
    "liabilities_and_equity":60416589.9699999988,
    "group":1.0,
    "main_revenue":31770309.0300000012,
    "total_revenue_fs":31940938.6900000013,
    "cost_of_goods_sold":22272645.1799999997,
    "gross_profit":0.0,
    "selling_and_admin_expenses":19827923.7600000016,
    "total_expenses":42100568.9399999976,
    "interest_expense":851784.8,
    "profit_before_tax":-11011415.0500000007,
    "income_tax":0.0,
    "net_profit":-11011415.0500000007,
    "no_of_buyer":1,
    "roa_percent":-18.76,
    "roe_percent":119.5,
    "gross_profit_margin_percent":0.0,
    "operating_margin_percent":-34.47,
    "net_margin_percent":-34.47,
    "asset_turnover_ratio":0.54,
    "receivables_turnover_ratio":4.66,
    "inventory_turnover_ratio":5.29,
    "operating_expense_ratio":62.08,
    "current_ratio":0.29,
    "debt_to_asset_ratio":1.24,
    "asset_to_equity_ratio":-4.1,
    "debt_to_equity_ratio":-5.1,
    "source_sheet":"Sheet1"
  },
  {
    "No":268,
    "registration_id":"105553049341",
    "supplier_id":2132,
    "is_supplier":2132,
    "start_effective_date":"2007-08-01",
    "size":"S",
    "supplier_name":"บจก. คุณเก๋ขนมหวาน (สำนักงานใหญ่)",
    "registration_date":"2010-09-04",
    "registered_capital":5000000.0,
    "trade_receivables_net":6655019.4699999997,
    "inventory":241810.0,
    "current_assets":9248490.8300000001,
    "property_plant_equipment":4417726.0999999996,
    "non_current_assets":4417726.0999999996,
    "total_assets":13666216.9299999997,
    "current_liabilities":4892534.3099999996,
    "non_current_liabilities":209525.0,
    "total_liabilities":5102059.3099999996,
    "shareholders_equity":8564157.6199999992,
    "liabilities_and_equity":13666216.9299999997,
    "group":1.0,
    "main_revenue":31842190.3500000015,
    "total_revenue_fs":31849071.6900000013,
    "cost_of_goods_sold":27001098.2899999991,
    "gross_profit":0.0,
    "selling_and_admin_expenses":3394383.52,
    "total_expenses":30402779.1999999993,
    "interest_expense":27762.96,
    "profit_before_tax":1418529.53,
    "income_tax":285116.58,
    "net_profit":1133412.95,
    "no_of_buyer":1,
    "roa_percent":9.6,
    "roe_percent":14.17,
    "gross_profit_margin_percent":0.0,
    "operating_margin_percent":4.45,
    "net_margin_percent":3.56,
    "asset_turnover_ratio":2.7,
    "receivables_turnover_ratio":7.29,
    "inventory_turnover_ratio":26.31,
    "operating_expense_ratio":10.66,
    "current_ratio":1.89,
    "debt_to_asset_ratio":0.37,
    "asset_to_equity_ratio":1.6,
    "debt_to_equity_ratio":0.6,
    "source_sheet":"Sheet1"
  },
  {
    "No":134,
    "registration_id":"105534113421",
    "supplier_id":1073,
    "is_supplier":1073,
    "start_effective_date":"2009-06-01",
    "size":"M",
    "supplier_name":"บริษัท สยามพูลทรัพย์ อินเตอร์เคมีคอล จำกัด (สำนักงานใหญ่)",
    "registration_date":"1991-11-29",
    "registered_capital":20000000.0,
    "trade_receivables_net":67605652.5600000024,
    "inventory":30878299.2899999991,
    "current_assets":119310578.0400000066,
    "property_plant_equipment":5707991.4900000002,
    "non_current_assets":39596238.2899999991,
    "total_assets":158906816.3300000131,
    "current_liabilities":102607530.5300000012,
    "non_current_liabilities":30437895.0799999982,
    "total_liabilities":133045425.6099999994,
    "shareholders_equity":25861390.7199999988,
    "liabilities_and_equity":158906816.3300000131,
    "group":3.0,
    "main_revenue":297845048.6000000238,
    "total_revenue_fs":298531462.8799999952,
    "cost_of_goods_sold":201101819.4699999988,
    "gross_profit":0.0,
    "selling_and_admin_expenses":88721276.75,
    "total_expenses":289823096.2200000286,
    "interest_expense":3488760.6499999999,
    "profit_before_tax":5219606.0099999998,
    "income_tax":1122355.9399999999,
    "net_profit":4097250.0699999998,
    "no_of_buyer":5,
    "roa_percent":2.69,
    "roe_percent":17.21,
    "gross_profit_margin_percent":0.0,
    "operating_margin_percent":1.75,
    "net_margin_percent":1.37,
    "asset_turnover_ratio":1.96,
    "receivables_turnover_ratio":4.16,
    "inventory_turnover_ratio":8.05,
    "operating_expense_ratio":29.72,
    "current_ratio":1.16,
    "debt_to_asset_ratio":0.84,
    "asset_to_equity_ratio":6.14,
    "debt_to_equity_ratio":5.14,
    "source_sheet":"Sheet1"
  },
  {
    "No":51,
    "registration_id":"105541060329",
    "supplier_id":2065,
    "is_supplier":2065,
    "start_effective_date":"2005-08-01",
    "size":"M",
    "supplier_name":"บริษัท สตาร์ริช เอ็นเตอร์ไพรส์ จำกัด (สำนักงานใหญ่)",
    "registration_date":"1998-09-25",
    "registered_capital":1000000.0,
    "trade_receivables_net":77034672.849999994,
    "inventory":16018722.2599999998,
    "current_assets":236549649.8700000048,
    "property_plant_equipment":568344.76,
    "non_current_assets":568344.76,
    "total_assets":237117994.6299999952,
    "current_liabilities":33361690.5199999996,
    "non_current_liabilities":101875815.7699999958,
    "total_liabilities":135237506.2899999917,
    "shareholders_equity":101880488.3400000036,
    "liabilities_and_equity":237117994.6299999952,
    "group":3.0,
    "main_revenue":293010880.4200000167,
    "total_revenue_fs":294381333.5500000119,
    "cost_of_goods_sold":241974496.3199999928,
    "gross_profit":0.0,
    "selling_and_admin_expenses":18650629.9100000001,
    "total_expenses":260625126.2299999893,
    "interest_expense":6407944.29,
    "profit_before_tax":27348263.0300000012,
    "income_tax":5603191.5599999996,
    "net_profit":21745071.4699999988,
    "no_of_buyer":1,
    "roa_percent":9.39,
    "roe_percent":23.89,
    "gross_profit_margin_percent":0.0,
    "operating_margin_percent":9.29,
    "net_margin_percent":7.39,
    "asset_turnover_ratio":1.27,
    "receivables_turnover_ratio":3.15,
    "inventory_turnover_ratio":15.97,
    "operating_expense_ratio":6.34,
    "current_ratio":7.09,
    "debt_to_asset_ratio":0.57,
    "asset_to_equity_ratio":2.33,
    "debt_to_equity_ratio":1.33,
    "source_sheet":"Sheet1"
  },
  {
    "No":493,
    "registration_id":"105531098528",
    "supplier_id":5466,
    "is_supplier":5466,
    "start_effective_date":"2014-04-01",
    "size":"M",
    "supplier_name":"บริษัท ที.ซี.ฟาร์มา-เคม จำกัด (สำนักงานใหญ่)",
    "registration_date":"1988-12-15",
    "registered_capital":6000000.0,
    "trade_receivables_net":51826380.1199999973,
    "inventory":43351895.4299999997,
    "current_assets":135299068.4300000072,
    "property_plant_equipment":19073723.8099999987,
    "non_current_assets":31806361.3000000007,
    "total_assets":167105429.7299999893,
    "current_liabilities":42915645.1700000018,
    "non_current_liabilities":4468800.1799999997,
    "total_liabilities":47384445.3500000015,
    "shareholders_equity":119720984.3799999952,
    "liabilities_and_equity":167105429.7299999893,
    "group":3.0,
    "main_revenue":291309239.3999999762,
    "total_revenue_fs":292975431.1399999857,
    "cost_of_goods_sold":105677492.1400000006,
    "gross_profit":0.0,
    "selling_and_admin_expenses":147646528.3700000048,
    "total_expenses":253324020.5099999905,
    "interest_expense":17031.81,
    "profit_before_tax":39634378.8200000003,
    "income_tax":7169476.0300000003,
    "net_profit":32464902.7899999991,
    "no_of_buyer":1,
    "roa_percent":21.27,
    "roe_percent":31.37,
    "gross_profit_margin_percent":0.0,
    "operating_margin_percent":13.53,
    "net_margin_percent":11.08,
    "asset_turnover_ratio":1.92,
    "receivables_turnover_ratio":6.25,
    "inventory_turnover_ratio":2.39,
    "operating_expense_ratio":50.4,
    "current_ratio":3.15,
    "debt_to_asset_ratio":0.28,
    "asset_to_equity_ratio":1.4,
    "debt_to_equity_ratio":0.4,
    "source_sheet":"Sheet1"
  },
  {
    "No":235,
    "registration_id":"105543075609",
    "supplier_id":206,
    "is_supplier":206,
    "start_effective_date":"2005-08-01",
    "size":"M",
    "supplier_name":"บริษัท มโนห์รา มาร์เก็ตติ้ง จำกัด (สำนักงานใหญ่)",
    "registration_date":"2000-11-08",
    "registered_capital":5000000.0,
    "trade_receivables_net":45492461.3299999982,
    "inventory":2406467.8500000001,
    "current_assets":82826646.2600000054,
    "property_plant_equipment":594517.11,
    "non_current_assets":643606.71,
    "total_assets":83470252.9699999988,
    "current_liabilities":64531886.3400000036,
    "non_current_liabilities":0.0,
    "total_liabilities":64531886.3400000036,
    "shareholders_equity":18938366.629999999,
    "liabilities_and_equity":83470252.9699999988,
    "group":3.0,
    "main_revenue":290216934.3799999952,
    "total_revenue_fs":290225485.9100000262,
    "cost_of_goods_sold":232788428.5300000012,
    "gross_profit":0.0,
    "selling_and_admin_expenses":52413356.7800000012,
    "total_expenses":285201785.3100000024,
    "interest_expense":314480.43,
    "profit_before_tax":4709220.1699999999,
    "income_tax":942164.03,
    "net_profit":3767056.1400000001,
    "no_of_buyer":3,
    "roa_percent":4.84,
    "roe_percent":22.09,
    "gross_profit_margin_percent":0.0,
    "operating_margin_percent":1.62,
    "net_margin_percent":1.3,
    "asset_turnover_ratio":3.73,
    "receivables_turnover_ratio":6.44,
    "inventory_turnover_ratio":92.07,
    "operating_expense_ratio":18.06,
    "current_ratio":1.28,
    "debt_to_asset_ratio":0.77,
    "asset_to_equity_ratio":4.41,
    "debt_to_equity_ratio":3.41,
    "source_sheet":"Sheet1"
  },
  {
    "No":454,
    "registration_id":"105537000392",
    "supplier_id":5427,
    "is_supplier":5427,
    "start_effective_date":"2014-02-01",
    "size":"M",
    "supplier_name":"บริษัท เอสแอล พลาสติก อินดัสเตรียล จำกัด (สำนักงานใหญ่)",
    "registration_date":"1994-01-03",
    "registered_capital":100000000.0,
    "trade_receivables_net":43596952.6899999976,
    "inventory":54086184.6000000015,
    "current_assets":97749833.4099999964,
    "property_plant_equipment":140131399.25,
    "non_current_assets":141677852.25,
    "total_assets":239427685.6599999964,
    "current_liabilities":96164292.8799999952,
    "non_current_liabilities":76134300.0,
    "total_liabilities":172298592.8799999952,
    "shareholders_equity":67129092.7800000012,
    "liabilities_and_equity":239427685.6599999964,
    "group":3.0,
    "main_revenue":281592918.5600000024,
    "total_revenue_fs":288198038.0699999928,
    "cost_of_goods_sold":260201910.0,
    "gross_profit":0.0,
    "selling_and_admin_expenses":18285658.5700000003,
    "total_expenses":278487568.5699999928,
    "interest_expense":5144795.4900000002,
    "profit_before_tax":4565674.0099999998,
    "income_tax":957893.24,
    "net_profit":3607780.77,
    "no_of_buyer":1,
    "roa_percent":1.51,
    "roe_percent":5.52,
    "gross_profit_margin_percent":0.0,
    "operating_margin_percent":1.58,
    "net_margin_percent":1.25,
    "asset_turnover_ratio":1.21,
    "receivables_turnover_ratio":6.13,
    "inventory_turnover_ratio":5.63,
    "operating_expense_ratio":6.34,
    "current_ratio":1.02,
    "debt_to_asset_ratio":0.72,
    "asset_to_equity_ratio":3.57,
    "debt_to_equity_ratio":2.57,
    "source_sheet":"Sheet1"
  },
  {
    "No":598,
    "registration_id":"755555000204",
    "supplier_id":5356,
    "is_supplier":5356,
    "start_effective_date":"2013-05-01",
    "size":"M",
    "supplier_name":"บริษัท โรงงานน้ำปลาฉั่วฮะเส็ง (ตราหอยหลอด) จำกัด (สำนักงานใหญ่)",
    "registration_date":"2012-03-07",
    "registered_capital":29000000.0,
    "trade_receivables_net":63367383.1499999985,
    "inventory":34085290.6000000015,
    "current_assets":198787065.8600000143,
    "property_plant_equipment":66409438.1899999976,
    "non_current_assets":78797627.7099999934,
    "total_assets":277584693.5699999928,
    "current_liabilities":92866771.1800000072,
    "non_current_liabilities":173309162.4499999881,
    "total_liabilities":266175933.6299999952,
    "shareholders_equity":11408759.9399999995,
    "liabilities_and_equity":277584693.5699999928,
    "group":3.0,
    "main_revenue":287957754.7599999905,
    "total_revenue_fs":287969626.6499999762,
    "cost_of_goods_sold":220044610.1699999869,
    "gross_profit":0.0,
    "selling_and_admin_expenses":108137853.2399999946,
    "total_expenses":328182463.4100000262,
    "interest_expense":9911700.7899999991,
    "profit_before_tax":-50124537.549999997,
    "income_tax":0.0,
    "net_profit":-50124537.549999997,
    "no_of_buyer":1,
    "roa_percent":-16.89,
    "roe_percent":19999641.2300000004,
    "gross_profit_margin_percent":0.0,
    "operating_margin_percent":-17.41,
    "net_margin_percent":-17.41,
    "asset_turnover_ratio":0.97,
    "receivables_turnover_ratio":2.75,
    "inventory_turnover_ratio":3.96,
    "operating_expense_ratio":37.55,
    "current_ratio":2.14,
    "debt_to_asset_ratio":0.96,
    "asset_to_equity_ratio":24.33,
    "debt_to_equity_ratio":23.33,
    "source_sheet":"Sheet1"
  },
  {
    "No":786,
    "registration_id":"105539096702",
    "supplier_id":2072,
    "is_supplier":2072,
    "start_effective_date":"2005-08-01",
    "size":"M",
    "supplier_name":"บริษัท อัลเฟรโด เอ็นเตอร์ไพรส์ จำกัด (สำนักงานใหญ่)",
    "registration_date":"1996-08-29",
    "registered_capital":88000000.0,
    "trade_receivables_net":28545973.8500000015,
    "inventory":23214961.2100000009,
    "current_assets":60051276.0099999979,
    "property_plant_equipment":61161979.8599999994,
    "non_current_assets":74780810.349999994,
    "total_assets":134832086.3600000143,
    "current_liabilities":68804434.5300000012,
    "non_current_liabilities":12679502.3800000008,
    "total_liabilities":81483936.9099999964,
    "shareholders_equity":53348149.450000003,
    "liabilities_and_equity":134832086.3600000143,
    "group":3.0,
    "main_revenue":257006851.3600000143,
    "total_revenue_fs":285291883.3100000024,
    "cost_of_goods_sold":178809381.1599999964,
    "gross_profit":0.0,
    "selling_and_admin_expenses":86556151.75,
    "total_expenses":265365532.9099999964,
    "interest_expense":4022619.5600000001,
    "profit_before_tax":15903730.8399999999,
    "income_tax":0.0,
    "net_profit":15903730.8399999999,
    "no_of_buyer":1,
    "roa_percent":11.84,
    "roe_percent":65.19,
    "gross_profit_margin_percent":0.0,
    "operating_margin_percent":5.57,
    "net_margin_percent":5.57,
    "asset_turnover_ratio":2.12,
    "receivables_turnover_ratio":9.1,
    "inventory_turnover_ratio":9.34,
    "operating_expense_ratio":30.34,
    "current_ratio":0.87,
    "debt_to_asset_ratio":0.6,
    "asset_to_equity_ratio":2.53,
    "debt_to_equity_ratio":1.53,
    "source_sheet":"Sheet1"
  },
  {
    "No":305,
    "registration_id":"105493000091",
    "supplier_id":5563,
    "is_supplier":5563,
    "start_effective_date":"2014-12-01",
    "size":"M",
    "supplier_name":"บริษัท ถ้วยทองโอสถ จำกัด(สำนักงานใหญ่)",
    "registration_date":"1950-01-21",
    "registered_capital":40000000.0,
    "trade_receivables_net":53118630.3500000015,
    "inventory":38182869.3200000003,
    "current_assets":201249842.8700000048,
    "property_plant_equipment":175788628.650000006,
    "non_current_assets":185723198.650000006,
    "total_assets":386973041.5199999809,
    "current_liabilities":31209170.8399999999,
    "non_current_liabilities":6080675.0,
    "total_liabilities":37289845.8400000036,
    "shareholders_equity":349683195.6800000072,
    "liabilities_and_equity":386973041.5199999809,
    "group":3.0,
    "main_revenue":275143995.9700000286,
    "total_revenue_fs":278468725.3799999952,
    "cost_of_goods_sold":111956948.0900000036,
    "gross_profit":0.0,
    "selling_and_admin_expenses":123851792.3799999952,
    "total_expenses":235808740.4699999988,
    "interest_expense":0.0,
    "profit_before_tax":42659984.9099999964,
    "income_tax":9316785.8499999996,
    "net_profit":33343199.0599999987,
    "no_of_buyer":1,
    "roa_percent":8.76,
    "roe_percent":9.86,
    "gross_profit_margin_percent":0.0,
    "operating_margin_percent":15.32,
    "net_margin_percent":11.97,
    "asset_turnover_ratio":0.73,
    "receivables_turnover_ratio":5.41,
    "inventory_turnover_ratio":2.59,
    "operating_expense_ratio":44.48,
    "current_ratio":6.45,
    "debt_to_asset_ratio":0.1,
    "asset_to_equity_ratio":1.11,
    "debt_to_equity_ratio":0.11,
    "source_sheet":"Sheet1"
  },
  {
    "No":184,
    "registration_id":"105543023625",
    "supplier_id":5345,
    "is_supplier":5345,
    "start_effective_date":"2012-12-01",
    "size":"M",
    "supplier_name":"บริษัท เอส.ดี.เจ.อินเตอร์ จำกัด (สำนักงานใหญ่)",
    "registration_date":"2000-07-03",
    "registered_capital":18000000.0,
    "trade_receivables_net":70884199.200000003,
    "inventory":23278961.7100000009,
    "current_assets":103477848.5,
    "property_plant_equipment":33803110.4600000009,
    "non_current_assets":44511755.1700000018,
    "total_assets":147989603.6699999869,
    "current_liabilities":110576684.799999997,
    "non_current_liabilities":19318168.1700000018,
    "total_liabilities":129894852.9699999988,
    "shareholders_equity":18094750.6999999993,
    "liabilities_and_equity":147989603.6699999869,
    "group":3.0,
    "main_revenue":268514198.3899999857,
    "total_revenue_fs":268522262.8600000143,
    "cost_of_goods_sold":215281257.6899999976,
    "gross_profit":0.0,
    "selling_and_admin_expenses":40522364.4200000018,
    "total_expenses":255803622.1100000143,
    "interest_expense":5763270.96,
    "profit_before_tax":6955369.79,
    "income_tax":1514440.22,
    "net_profit":5440929.5700000003,
    "no_of_buyer":1,
    "roa_percent":3.72,
    "roe_percent":35.39,
    "gross_profit_margin_percent":0.0,
    "operating_margin_percent":2.59,
    "net_margin_percent":2.03,
    "asset_turnover_ratio":1.84,
    "receivables_turnover_ratio":3.58,
    "inventory_turnover_ratio":8.42,
    "operating_expense_ratio":15.09,
    "current_ratio":0.94,
    "debt_to_asset_ratio":0.88,
    "asset_to_equity_ratio":8.18,
    "debt_to_equity_ratio":7.18,
    "source_sheet":"Sheet1"
  },
  {
    "No":96,
    "registration_id":"105533007457",
    "supplier_id":2093,
    "is_supplier":2093,
    "start_effective_date":"2005-08-01",
    "size":"M",
    "supplier_name":"บริษัท ปฐวิน จำกัด (สำนักงานใหญ่)",
    "registration_date":"1990-01-18",
    "registered_capital":45000000.0,
    "trade_receivables_net":65110164.25,
    "inventory":58103597.0799999982,
    "current_assets":124152155.849999994,
    "property_plant_equipment":168445655.9799999893,
    "non_current_assets":177370995.1899999976,
    "total_assets":301523151.0400000215,
    "current_liabilities":217930086.6200000048,
    "non_current_liabilities":34755970.6899999976,
    "total_liabilities":252686057.3100000024,
    "shareholders_equity":48837093.7299999967,
    "liabilities_and_equity":301523151.0400000215,
    "group":3.0,
    "main_revenue":264883322.2299999893,
    "total_revenue_fs":268097920.0500000119,
    "cost_of_goods_sold":154300187.2299999893,
    "gross_profit":0.0,
    "selling_and_admin_expenses":86225387.0699999928,
    "total_expenses":240525574.3000000119,
    "interest_expense":16307640.9000000004,
    "profit_before_tax":11264704.8499999996,
    "income_tax":2204279.7599999998,
    "net_profit":9060425.0899999999,
    "no_of_buyer":2,
    "roa_percent":2.91,
    "roe_percent":18.61,
    "gross_profit_margin_percent":0.0,
    "operating_margin_percent":4.2,
    "net_margin_percent":3.38,
    "asset_turnover_ratio":0.86,
    "receivables_turnover_ratio":4.14,
    "inventory_turnover_ratio":2.78,
    "operating_expense_ratio":32.16,
    "current_ratio":0.57,
    "debt_to_asset_ratio":0.84,
    "asset_to_equity_ratio":6.17,
    "debt_to_equity_ratio":5.17,
    "source_sheet":"Sheet1"
  },
  {
    "No":85,
    "registration_id":"105554027422",
    "supplier_id":5533,
    "is_supplier":5533,
    "start_effective_date":"2014-09-01",
    "size":"M",
    "supplier_name":"บริษัท โทฟุซัง จำกัด (สำนักงานใหญ่)",
    "registration_date":"2011-02-24",
    "registered_capital":54000000.0,
    "trade_receivables_net":63019966.0,
    "inventory":4192759.0,
    "current_assets":70221703.0,
    "property_plant_equipment":76816969.0,
    "non_current_assets":78021824.0,
    "total_assets":148243527.0,
    "current_liabilities":65349793.0,
    "non_current_liabilities":50024882.0,
    "total_liabilities":115374675.0,
    "shareholders_equity":32868852.0,
    "liabilities_and_equity":148243527.0,
    "group":3.0,
    "main_revenue":266001218.0,
    "total_revenue_fs":266306402.0,
    "cost_of_goods_sold":0.0,
    "gross_profit":0.0,
    "selling_and_admin_expenses":0.0,
    "total_expenses":242378337.0,
    "interest_expense":1147669.0,
    "profit_before_tax":22780396.0,
    "income_tax":4758106.0,
    "net_profit":18022290.0,
    "no_of_buyer":1,
    "roa_percent":16.33,
    "roe_percent":89.63,
    "gross_profit_margin_percent":0.0,
    "operating_margin_percent":8.55,
    "net_margin_percent":6.77,
    "asset_turnover_ratio":2.41,
    "receivables_turnover_ratio":5.15,
    "inventory_turnover_ratio":0.0,
    "operating_expense_ratio":0.0,
    "current_ratio":1.07,
    "debt_to_asset_ratio":0.78,
    "asset_to_equity_ratio":4.51,
    "debt_to_equity_ratio":3.51,
    "source_sheet":"Sheet1"
  },
  {
    "No":399,
    "registration_id":"105536049207",
    "supplier_id":5630,
    "is_supplier":5630,
    "start_effective_date":"2016-01-01",
    "size":"M",
    "supplier_name":"บริษัท แกลโลไทย จำกัด (สำนักงานใหญ่)",
    "registration_date":"1993-04-27",
    "registered_capital":30000000.0,
    "trade_receivables_net":44971706.0,
    "inventory":24929128.0,
    "current_assets":75414695.0,
    "property_plant_equipment":33323195.0,
    "non_current_assets":101618024.0,
    "total_assets":177032719.0,
    "current_liabilities":90321466.0,
    "non_current_liabilities":16026893.0,
    "total_liabilities":106348359.0,
    "shareholders_equity":70684360.0,
    "liabilities_and_equity":177032719.0,
    "group":3.0,
    "main_revenue":235449650.0,
    "total_revenue_fs":259962610.0,
    "cost_of_goods_sold":161194485.0,
    "gross_profit":0.0,
    "selling_and_admin_expenses":89387994.0,
    "total_expenses":250582479.0,
    "interest_expense":3698466.0,
    "profit_before_tax":5681665.0,
    "income_tax":1370103.0,
    "net_profit":4311562.0,
    "no_of_buyer":4,
    "roa_percent":2.45,
    "roe_percent":6.29,
    "gross_profit_margin_percent":0.0,
    "operating_margin_percent":2.19,
    "net_margin_percent":1.66,
    "asset_turnover_ratio":1.48,
    "receivables_turnover_ratio":5.87,
    "inventory_turnover_ratio":6.92,
    "operating_expense_ratio":34.38,
    "current_ratio":0.84,
    "debt_to_asset_ratio":0.6,
    "asset_to_equity_ratio":2.5,
    "debt_to_equity_ratio":1.5,
    "source_sheet":"Sheet1"
  },
  {
    "No":339,
    "registration_id":"105534114699",
    "supplier_id":2126,
    "is_supplier":2126,
    "start_effective_date":"2005-08-01",
    "size":"M",
    "supplier_name":"บริษัท อัลฟ่า ยูนิเทรด จำกัด (สำนักงานใหญ่)",
    "registration_date":"1991-12-03",
    "registered_capital":1000000.0,
    "trade_receivables_net":234134.84,
    "inventory":2906142.25,
    "current_assets":27055358.1099999994,
    "property_plant_equipment":3665242.8599999999,
    "non_current_assets":3707242.8599999999,
    "total_assets":30762600.9699999988,
    "current_liabilities":9702537.0299999993,
    "non_current_liabilities":0.0,
    "total_liabilities":9702537.0299999993,
    "shareholders_equity":21060063.9400000013,
    "liabilities_and_equity":30762600.9699999988,
    "group":3.0,
    "main_revenue":253653405.3899999857,
    "total_revenue_fs":255295794.849999994,
    "cost_of_goods_sold":226182362.900000006,
    "gross_profit":0.0,
    "selling_and_admin_expenses":15596773.3699999992,
    "total_expenses":241779136.2700000107,
    "interest_expense":107100.0,
    "profit_before_tax":13409558.5800000001,
    "income_tax":2697091.5600000001,
    "net_profit":10712467.0199999996,
    "no_of_buyer":1,
    "roa_percent":32.95,
    "roe_percent":51.74,
    "gross_profit_margin_percent":0.0,
    "operating_margin_percent":5.25,
    "net_margin_percent":4.2,
    "asset_turnover_ratio":7.85,
    "receivables_turnover_ratio":847.76,
    "inventory_turnover_ratio":30.63,
    "operating_expense_ratio":6.11,
    "current_ratio":2.79,
    "debt_to_asset_ratio":0.32,
    "asset_to_equity_ratio":1.46,
    "debt_to_equity_ratio":0.46,
    "source_sheet":"Sheet1"
  },
  {
    "No":657,
    "registration_id":"105486000056",
    "supplier_id":5479,
    "is_supplier":5479,
    "start_effective_date":"2014-04-01",
    "size":"M",
    "supplier_name":"บริษัท วิทยาศรม จำกัด (สาขาที่ 00002)",
    "registration_date":"1943-02-05",
    "registered_capital":30000000.0,
    "trade_receivables_net":49039135.3900000006,
    "inventory":12456131.4499999993,
    "current_assets":82795771.1700000018,
    "property_plant_equipment":269853656.0799999833,
    "non_current_assets":388776034.6299999952,
    "total_assets":471571805.8000000119,
    "current_liabilities":102762483.1700000018,
    "non_current_liabilities":162365649.7100000083,
    "total_liabilities":265128132.8799999952,
    "shareholders_equity":206443672.9199999869,
    "liabilities_and_equity":471571805.8000000119,
    "group":3.0,
    "main_revenue":244239173.3600000143,
    "total_revenue_fs":246424381.4799999893,
    "cost_of_goods_sold":152341017.4799999893,
    "gross_profit":0.0,
    "selling_and_admin_expenses":67538937.1099999994,
    "total_expenses":219879954.5900000036,
    "interest_expense":9097497.6699999999,
    "profit_before_tax":17446929.2199999988,
    "income_tax":3431131.54,
    "net_profit":14015797.6799999997,
    "no_of_buyer":1,
    "roa_percent":3.02,
    "roe_percent":7.0,
    "gross_profit_margin_percent":0.0,
    "operating_margin_percent":7.08,
    "net_margin_percent":5.69,
    "asset_turnover_ratio":0.53,
    "receivables_turnover_ratio":4.84,
    "inventory_turnover_ratio":11.91,
    "operating_expense_ratio":27.41,
    "current_ratio":0.81,
    "debt_to_asset_ratio":0.56,
    "asset_to_equity_ratio":2.28,
    "debt_to_equity_ratio":1.28,
    "source_sheet":"Sheet1"
  },
  {
    "No":384,
    "registration_id":"215545000877",
    "supplier_id":3062,
    "is_supplier":3062,
    "start_effective_date":"2008-11-01",
    "size":"M",
    "supplier_name":"บริษัท อิมเมจ เฟอร์นิเจอร์ จำกัด (สำนักงานใหญ่)",
    "registration_date":"2002-05-03",
    "registered_capital":65000000.0,
    "trade_receivables_net":113475914.7600000054,
    "inventory":36974017.6400000006,
    "current_assets":209931559.900000006,
    "property_plant_equipment":303410475.0699999928,
    "non_current_assets":305413889.6000000238,
    "total_assets":515345449.5,
    "current_liabilities":301297092.5899999738,
    "non_current_liabilities":136736831.1999999881,
    "total_liabilities":438033923.7900000215,
    "shareholders_equity":77311525.7099999934,
    "liabilities_and_equity":515345449.5,
    "group":3.0,
    "main_revenue":245849918.5099999905,
    "total_revenue_fs":246046049.900000006,
    "cost_of_goods_sold":178418042.5099999905,
    "gross_profit":0.0,
    "selling_and_admin_expenses":46025811.1000000015,
    "total_expenses":224443853.6100000143,
    "interest_expense":19008054.0899999999,
    "profit_before_tax":2594142.2000000002,
    "income_tax":561060.66,
    "net_profit":2033081.54,
    "no_of_buyer":2,
    "roa_percent":0.39,
    "roe_percent":2.66,
    "gross_profit_margin_percent":0.0,
    "operating_margin_percent":1.05,
    "net_margin_percent":0.83,
    "asset_turnover_ratio":0.47,
    "receivables_turnover_ratio":2.11,
    "inventory_turnover_ratio":5.2,
    "operating_expense_ratio":18.71,
    "current_ratio":0.7,
    "debt_to_asset_ratio":0.85,
    "asset_to_equity_ratio":6.67,
    "debt_to_equity_ratio":5.67,
    "source_sheet":"Sheet1"
  },
  {
    "No":146,
    "registration_id":"103533024422",
    "supplier_id":817,
    "is_supplier":817,
    "start_effective_date":"2005-08-01",
    "size":"M",
    "supplier_name":"ห้างหุ้นส่วนจำกัด ฟลาวเวอร์ฟูด (สำนักงานใหญ่)",
    "registration_date":"1990-08-31",
    "registered_capital":40000000.0,
    "trade_receivables_net":60090401.0200000033,
    "inventory":45132153.1799999997,
    "current_assets":107858243.1899999976,
    "property_plant_equipment":20599480.4299999997,
    "non_current_assets":24890804.8599999994,
    "total_assets":132749048.049999997,
    "current_liabilities":84675593.25,
    "non_current_liabilities":8126612.2400000002,
    "total_liabilities":92802205.4899999946,
    "shareholders_equity":39946842.5600000024,
    "liabilities_and_equity":132749048.049999997,
    "group":3.0,
    "main_revenue":242556779.3000000119,
    "total_revenue_fs":245022560.7400000095,
    "cost_of_goods_sold":209828183.4499999881,
    "gross_profit":0.0,
    "selling_and_admin_expenses":31927858.3900000006,
    "total_expenses":243156360.6899999976,
    "interest_expense":1499282.73,
    "profit_before_tax":366917.32,
    "income_tax":0.0,
    "net_profit":366917.32,
    "no_of_buyer":3,
    "roa_percent":0.29,
    "roe_percent":0.92,
    "gross_profit_margin_percent":0.0,
    "operating_margin_percent":0.15,
    "net_margin_percent":0.15,
    "asset_turnover_ratio":1.92,
    "receivables_turnover_ratio":4.44,
    "inventory_turnover_ratio":4.5,
    "operating_expense_ratio":13.03,
    "current_ratio":1.27,
    "debt_to_asset_ratio":0.7,
    "asset_to_equity_ratio":3.32,
    "debt_to_equity_ratio":2.32,
    "source_sheet":"Sheet1"
  },
  {
    "No":160,
    "registration_id":"745543001375",
    "supplier_id":5016,
    "is_supplier":5016,
    "start_effective_date":"2009-04-01",
    "size":"M",
    "supplier_name":"บริษัท ตรีสานพริ้นติ้ง จำกัด (สำนักงานใหญ่)",
    "registration_date":"2000-06-19",
    "registered_capital":12000000.0,
    "trade_receivables_net":38859166.8500000015,
    "inventory":9027798.4600000009,
    "current_assets":75321871.3400000036,
    "property_plant_equipment":78541568.400000006,
    "non_current_assets":82115929.8400000036,
    "total_assets":157437801.1800000072,
    "current_liabilities":136214064.3300000131,
    "non_current_liabilities":46634410.3599999994,
    "total_liabilities":182848474.6899999976,
    "shareholders_equity":-25410673.5100000016,
    "liabilities_and_equity":157437801.1800000072,
    "group":3.0,
    "main_revenue":241838503.4399999976,
    "total_revenue_fs":242892481.0600000024,
    "cost_of_goods_sold":0.0,
    "gross_profit":0.0,
    "selling_and_admin_expenses":0.0,
    "total_expenses":217515151.3799999952,
    "interest_expense":8009224.1900000004,
    "profit_before_tax":17368105.4899999984,
    "income_tax":627809.41,
    "net_profit":16740296.0800000001,
    "no_of_buyer":1,
    "roa_percent":10.94,
    "roe_percent":-49.56,
    "gross_profit_margin_percent":0.0,
    "operating_margin_percent":7.15,
    "net_margin_percent":6.89,
    "asset_turnover_ratio":1.59,
    "receivables_turnover_ratio":5.88,
    "inventory_turnover_ratio":0.0,
    "operating_expense_ratio":0.0,
    "current_ratio":0.55,
    "debt_to_asset_ratio":1.16,
    "asset_to_equity_ratio":-6.2,
    "debt_to_equity_ratio":-7.2,
    "source_sheet":"Sheet1"
  },
  {
    "No":90,
    "registration_id":"105549024917",
    "supplier_id":5067,
    "is_supplier":5067,
    "start_effective_date":"2010-04-01",
    "size":"M",
    "supplier_name":"บริษัท ที.ซี. แนลเชอรัล จำกัด (สำนักงานใหญ่)",
    "registration_date":"2006-02-22",
    "registered_capital":1000000.0,
    "trade_receivables_net":56003906.8699999973,
    "inventory":15497930.0299999993,
    "current_assets":139816724.9799999893,
    "property_plant_equipment":1004667.65,
    "non_current_assets":1056667.6499999999,
    "total_assets":140873392.6299999952,
    "current_liabilities":113498425.6299999952,
    "non_current_liabilities":664675.0,
    "total_liabilities":114163100.6299999952,
    "shareholders_equity":26710292.0,
    "liabilities_and_equity":140873392.6299999952,
    "group":3.0,
    "main_revenue":240393678.3300000131,
    "total_revenue_fs":240585604.7199999988,
    "cost_of_goods_sold":142588896.6800000072,
    "gross_profit":97804781.650000006,
    "selling_and_admin_expenses":66188028.2800000012,
    "total_expenses":208776924.9600000083,
    "interest_expense":0.0,
    "profit_before_tax":31808679.7600000016,
    "income_tax":6357116.2199999997,
    "net_profit":25451563.5399999991,
    "no_of_buyer":4,
    "roa_percent":25.31,
    "roe_percent":182.0,
    "gross_profit_margin_percent":40.65,
    "operating_margin_percent":13.22,
    "net_margin_percent":10.58,
    "asset_turnover_ratio":2.39,
    "receivables_turnover_ratio":4.95,
    "inventory_turnover_ratio":9.98,
    "operating_expense_ratio":27.51,
    "current_ratio":1.23,
    "debt_to_asset_ratio":0.81,
    "asset_to_equity_ratio":5.27,
    "debt_to_equity_ratio":4.27,
    "source_sheet":"Sheet1"
  },
  {
    "No":356,
    "registration_id":"105548105522",
    "supplier_id":5324,
    "is_supplier":5324,
    "start_effective_date":"2012-12-01",
    "size":"M",
    "supplier_name":"บริษัท ทริปเปิ้ล-เอ็ม โปรดักส์ จำกัด (สำนักงานใหญ่)",
    "registration_date":"2005-08-11",
    "registered_capital":15000000.0,
    "trade_receivables_net":19492044.7300000004,
    "inventory":18653912.8099999987,
    "current_assets":57000456.8699999973,
    "property_plant_equipment":43792563.6799999997,
    "non_current_assets":45382336.3400000036,
    "total_assets":102382793.2099999934,
    "current_liabilities":23319756.8099999987,
    "non_current_liabilities":61420000.0,
    "total_liabilities":84739756.8100000024,
    "shareholders_equity":17643036.3999999985,
    "liabilities_and_equity":102382793.2099999934,
    "group":3.0,
    "main_revenue":235353056.9499999881,
    "total_revenue_fs":237723268.25,
    "cost_of_goods_sold":199831961.1100000143,
    "gross_profit":0.0,
    "selling_and_admin_expenses":33054419.5700000003,
    "total_expenses":233815287.6800000072,
    "interest_expense":11694.48,
    "profit_before_tax":3896286.0899999999,
    "income_tax":785540.98,
    "net_profit":3110745.1099999999,
    "no_of_buyer":1,
    "roa_percent":2.58,
    "roe_percent":19.34,
    "gross_profit_margin_percent":0.0,
    "operating_margin_percent":1.64,
    "net_margin_percent":1.31,
    "asset_turnover_ratio":1.97,
    "receivables_turnover_ratio":11.71,
    "inventory_turnover_ratio":10.7,
    "operating_expense_ratio":13.9,
    "current_ratio":2.44,
    "debt_to_asset_ratio":0.83,
    "asset_to_equity_ratio":5.8,
    "debt_to_equity_ratio":4.8,
    "source_sheet":"Sheet1"
  },
  {
    "No":500,
    "registration_id":"215542001244",
    "supplier_id":5350,
    "is_supplier":5350,
    "start_effective_date":"2013-02-01",
    "size":"M",
    "supplier_name":"บริษัท น้ำปลารุ่งโรจน์ จำกัด (สำนักงานใหญ่)",
    "registration_date":"1999-11-22",
    "registered_capital":10000000.0,
    "trade_receivables_net":23308727.7600000016,
    "inventory":146720339.2199999988,
    "current_assets":174841822.5600000024,
    "property_plant_equipment":20382826.1799999997,
    "non_current_assets":20449760.7600000016,
    "total_assets":195291583.3199999928,
    "current_liabilities":42748847.9299999997,
    "non_current_liabilities":136971468.8700000048,
    "total_liabilities":179720316.8000000119,
    "shareholders_equity":15571266.5199999996,
    "liabilities_and_equity":195291583.3199999928,
    "group":3.0,
    "main_revenue":232012300.4499999881,
    "total_revenue_fs":236138158.650000006,
    "cost_of_goods_sold":0.0,
    "gross_profit":0.0,
    "selling_and_admin_expenses":0.0,
    "total_expenses":229501100.1200000048,
    "interest_expense":5592834.5499999998,
    "profit_before_tax":1044223.98,
    "income_tax":276832.59,
    "net_profit":767391.39,
    "no_of_buyer":1,
    "roa_percent":0.4,
    "roe_percent":5.05,
    "gross_profit_margin_percent":0.0,
    "operating_margin_percent":0.44,
    "net_margin_percent":0.32,
    "asset_turnover_ratio":1.24,
    "receivables_turnover_ratio":11.38,
    "inventory_turnover_ratio":0.0,
    "operating_expense_ratio":0.0,
    "current_ratio":4.09,
    "debt_to_asset_ratio":0.92,
    "asset_to_equity_ratio":12.54,
    "debt_to_equity_ratio":11.54,
    "source_sheet":"Sheet1"
  },
  {
    "No":231,
    "registration_id":"105528038323",
    "supplier_id":5232,
    "is_supplier":5232,
    "start_effective_date":"2011-04-01",
    "size":"M",
    "supplier_name":"บริษัท เอส.เอส. แมนูแฟคเจอริ่ง จำกัด (สำนักงานใหญ่)",
    "registration_date":"1985-04-11",
    "registered_capital":40000000.0,
    "trade_receivables_net":91028990.9800000042,
    "inventory":30167857.5399999991,
    "current_assets":138450557.3600000143,
    "property_plant_equipment":33830010.3100000024,
    "non_current_assets":39624016.5600000024,
    "total_assets":178074573.9199999869,
    "current_liabilities":32071049.6799999997,
    "non_current_liabilities":70933004.9099999964,
    "total_liabilities":103004054.5900000036,
    "shareholders_equity":75070519.3299999982,
    "liabilities_and_equity":178074573.9199999869,
    "group":3.0,
    "main_revenue":234584230.2299999893,
    "total_revenue_fs":234849857.7100000083,
    "cost_of_goods_sold":68943791.4800000042,
    "gross_profit":0.0,
    "selling_and_admin_expenses":157462166.9199999869,
    "total_expenses":226405958.400000006,
    "interest_expense":3711959.3100000001,
    "profit_before_tax":4731940.0,
    "income_tax":1006760.83,
    "net_profit":3725179.1699999999,
    "no_of_buyer":1,
    "roa_percent":1.98,
    "roe_percent":5.09,
    "gross_profit_margin_percent":0.0,
    "operating_margin_percent":2.01,
    "net_margin_percent":1.59,
    "asset_turnover_ratio":1.25,
    "receivables_turnover_ratio":2.53,
    "inventory_turnover_ratio":2.45,
    "operating_expense_ratio":67.05,
    "current_ratio":4.32,
    "debt_to_asset_ratio":0.58,
    "asset_to_equity_ratio":2.37,
    "debt_to_equity_ratio":1.37,
    "source_sheet":"Sheet1"
  },
  {
    "No":157,
    "registration_id":"105521000304",
    "supplier_id":2144,
    "is_supplier":2144,
    "start_effective_date":"2005-08-01",
    "size":"M",
    "supplier_name":"บริษัท กรีนแลนด์ มาร์เก็ตติ้ง จำกัด (สำนักงานใหญ่)",
    "registration_date":"1978-05-01",
    "registered_capital":20000000.0,
    "trade_receivables_net":48050062.8400000036,
    "inventory":7508804.1900000004,
    "current_assets":110267040.3400000036,
    "property_plant_equipment":11807475.0500000007,
    "non_current_assets":12675964.5199999996,
    "total_assets":122943004.8599999994,
    "current_liabilities":42129334.6199999973,
    "non_current_liabilities":4425876.0,
    "total_liabilities":46555210.6199999973,
    "shareholders_equity":76387794.2399999946,
    "liabilities_and_equity":122943004.8599999994,
    "group":3.0,
    "main_revenue":233257849.6599999964,
    "total_revenue_fs":234640835.3400000036,
    "cost_of_goods_sold":151851214.3000000119,
    "gross_profit":0.0,
    "selling_and_admin_expenses":69060157.7399999946,
    "total_expenses":220911372.0399999917,
    "interest_expense":0.0,
    "profit_before_tax":13729463.3000000007,
    "income_tax":3005474.8700000001,
    "net_profit":10723988.4299999997,
    "no_of_buyer":3,
    "roa_percent":9.16,
    "roe_percent":14.51,
    "gross_profit_margin_percent":0.0,
    "operating_margin_percent":5.85,
    "net_margin_percent":4.57,
    "asset_turnover_ratio":2.01,
    "receivables_turnover_ratio":5.25,
    "inventory_turnover_ratio":21.77,
    "operating_expense_ratio":29.43,
    "current_ratio":2.62,
    "debt_to_asset_ratio":0.38,
    "asset_to_equity_ratio":1.61,
    "debt_to_equity_ratio":0.61,
    "source_sheet":"Sheet1"
  },
  {
    "No":301,
    "registration_id":"105550056916",
    "supplier_id":5648,
    "is_supplier":5648,
    "start_effective_date":"2016-05-01",
    "size":"M",
    "supplier_name":"บริษัท โคจิสติกส์ จำกัด (Cogistics Co., Ltd.)",
    "registration_date":"2007-06-01",
    "registered_capital":10000000.0,
    "trade_receivables_net":35570756.9399999976,
    "inventory":22124007.0899999999,
    "current_assets":75255986.6599999964,
    "property_plant_equipment":6714522.0,
    "non_current_assets":10666861.2599999998,
    "total_assets":85922847.9200000018,
    "current_liabilities":60508236.6700000018,
    "non_current_liabilities":3766396.54,
    "total_liabilities":64274633.2100000009,
    "shareholders_equity":21648214.7100000009,
    "liabilities_and_equity":85922847.9200000018,
    "group":3.0,
    "main_revenue":230909591.2400000095,
    "total_revenue_fs":231163557.1200000048,
    "cost_of_goods_sold":180066983.3600000143,
    "gross_profit":0.0,
    "selling_and_admin_expenses":38010513.3999999985,
    "total_expenses":218669367.3600000143,
    "interest_expense":1770874.6200000001,
    "profit_before_tax":10723315.1400000006,
    "income_tax":2188203.6800000002,
    "net_profit":8535111.4600000009,
    "no_of_buyer":1,
    "roa_percent":11.56,
    "roe_percent":49.11,
    "gross_profit_margin_percent":0.0,
    "operating_margin_percent":4.64,
    "net_margin_percent":3.69,
    "asset_turnover_ratio":3.13,
    "receivables_turnover_ratio":6.75,
    "inventory_turnover_ratio":9.17,
    "operating_expense_ratio":16.44,
    "current_ratio":1.24,
    "debt_to_asset_ratio":0.75,
    "asset_to_equity_ratio":3.97,
    "debt_to_equity_ratio":2.97,
    "source_sheet":"Sheet1"
  },
  {
    "No":139,
    "registration_id":"135536001476",
    "supplier_id":241,
    "is_supplier":241,
    "start_effective_date":"2005-08-01",
    "size":"M",
    "supplier_name":"บริษัท โมเดอร์น ฟู้ด เทรดดิ้ง จำกัด (สำนักงานใหญ่)",
    "registration_date":"1993-07-27",
    "registered_capital":1000000.0,
    "trade_receivables_net":70978676.0,
    "inventory":899018.0,
    "current_assets":72174893.0,
    "property_plant_equipment":67017.0,
    "non_current_assets":531233.0,
    "total_assets":72706126.0,
    "current_liabilities":137665451.0,
    "non_current_liabilities":2985971.0,
    "total_liabilities":140651422.0,
    "shareholders_equity":-67945296.0,
    "liabilities_and_equity":72706126.0,
    "group":3.0,
    "main_revenue":230813071.0,
    "total_revenue_fs":230869814.0,
    "cost_of_goods_sold":0.0,
    "gross_profit":0.0,
    "selling_and_admin_expenses":0.0,
    "total_expenses":234309652.0,
    "interest_expense":2382551.0,
    "profit_before_tax":-5822389.0,
    "income_tax":0.0,
    "net_profit":-5822389.0,
    "no_of_buyer":3,
    "roa_percent":-7.67,
    "roe_percent":8.95,
    "gross_profit_margin_percent":0.0,
    "operating_margin_percent":-2.52,
    "net_margin_percent":-2.52,
    "asset_turnover_ratio":3.04,
    "receivables_turnover_ratio":3.13,
    "inventory_turnover_ratio":0.0,
    "operating_expense_ratio":0.0,
    "current_ratio":0.52,
    "debt_to_asset_ratio":1.93,
    "asset_to_equity_ratio":-1.07,
    "debt_to_equity_ratio":-2.07,
    "source_sheet":"Sheet1"
  },
  {
    "No":207,
    "registration_id":"103549040074",
    "supplier_id":5031,
    "is_supplier":5031,
    "start_effective_date":"2009-11-01",
    "size":"M",
    "supplier_name":"ห้างหุ้นส่วนจำกัด พาสยาม (สำนักงานใหญ่)",
    "registration_date":"2006-11-21",
    "registered_capital":14500000.0,
    "trade_receivables_net":16882134.1999999993,
    "inventory":24042152.0,
    "current_assets":43222945.6199999973,
    "property_plant_equipment":25582360.3399999999,
    "non_current_assets":26649700.3399999999,
    "total_assets":69872645.9599999934,
    "current_liabilities":40521481.3400000036,
    "non_current_liabilities":5255900.04,
    "total_liabilities":45777381.3800000027,
    "shareholders_equity":24095264.5799999982,
    "liabilities_and_equity":69872645.9599999934,
    "group":3.0,
    "main_revenue":230179770.5600000024,
    "total_revenue_fs":230181566.1699999869,
    "cost_of_goods_sold":0.0,
    "gross_profit":0.0,
    "selling_and_admin_expenses":0.0,
    "total_expenses":227043969.8199999928,
    "interest_expense":1633703.73,
    "profit_before_tax":1503892.6200000001,
    "income_tax":355679.68,
    "net_profit":1148212.9399999999,
    "no_of_buyer":1,
    "roa_percent":1.64,
    "roe_percent":4.88,
    "gross_profit_margin_percent":0.0,
    "operating_margin_percent":0.65,
    "net_margin_percent":0.5,
    "asset_turnover_ratio":3.28,
    "receivables_turnover_ratio":11.92,
    "inventory_turnover_ratio":0.0,
    "operating_expense_ratio":0.0,
    "current_ratio":1.07,
    "debt_to_asset_ratio":0.66,
    "asset_to_equity_ratio":2.9,
    "debt_to_equity_ratio":1.9,
    "source_sheet":"Sheet1"
  },
  {
    "No":468,
    "registration_id":"105532057761",
    "supplier_id":5236,
    "is_supplier":5236,
    "start_effective_date":"2009-03-01",
    "size":"M",
    "supplier_name":"บริษัท มาซา แลบ จำกัด (สำนักงานใหญ่)",
    "registration_date":"1989-06-26",
    "registered_capital":15000000.0,
    "trade_receivables_net":79205871.6400000006,
    "inventory":20648509.1999999993,
    "current_assets":199251231.2299999893,
    "property_plant_equipment":49948758.6300000027,
    "non_current_assets":50399138.9600000009,
    "total_assets":249650370.1899999976,
    "current_liabilities":97476313.8400000036,
    "non_current_liabilities":97408447.1700000018,
    "total_liabilities":194884761.0099999905,
    "shareholders_equity":54765609.1799999997,
    "liabilities_and_equity":249650370.1899999976,
    "group":3.0,
    "main_revenue":222222938.1699999869,
    "total_revenue_fs":222390082.9900000095,
    "cost_of_goods_sold":156925656.9699999988,
    "gross_profit":0.0,
    "selling_and_admin_expenses":53606365.1700000018,
    "total_expenses":210532022.1399999857,
    "interest_expense":6411257.9299999997,
    "profit_before_tax":5446802.9199999999,
    "income_tax":1092818.49,
    "net_profit":4353984.4299999997,
    "no_of_buyer":1,
    "roa_percent":1.77,
    "roe_percent":8.28,
    "gross_profit_margin_percent":0.0,
    "operating_margin_percent":2.45,
    "net_margin_percent":1.96,
    "asset_turnover_ratio":0.9,
    "receivables_turnover_ratio":2.67,
    "inventory_turnover_ratio":6.92,
    "operating_expense_ratio":24.1,
    "current_ratio":2.04,
    "debt_to_asset_ratio":0.78,
    "asset_to_equity_ratio":4.56,
    "debt_to_equity_ratio":3.56,
    "source_sheet":"Sheet1"
  },
  {
    "No":799,
    "registration_id":"105550067705",
    "supplier_id":116,
    "is_supplier":116,
    "start_effective_date":null,
    "size":"M",
    "supplier_name":"บริษัท แมคโครฟาร์แลบ จำกัด (สำนักงานใหญ่)",
    "registration_date":"2007-06-28",
    "registered_capital":10000000.0,
    "trade_receivables_net":79105896.849999994,
    "inventory":30403289.8500000015,
    "current_assets":244160105.0600000024,
    "property_plant_equipment":64421.44,
    "non_current_assets":64421.44,
    "total_assets":244224526.5,
    "current_liabilities":207347669.9699999988,
    "non_current_liabilities":0.0,
    "total_liabilities":207347669.9699999988,
    "shareholders_equity":36876856.5300000012,
    "liabilities_and_equity":244224526.5,
    "group":3.0,
    "main_revenue":218322156.900000006,
    "total_revenue_fs":218467656.2899999917,
    "cost_of_goods_sold":151908533.1599999964,
    "gross_profit":0.0,
    "selling_and_admin_expenses":49009719.6499999985,
    "total_expenses":200918252.8100000024,
    "interest_expense":0.0,
    "profit_before_tax":17549403.4800000004,
    "income_tax":4355365.0800000001,
    "net_profit":13194038.4000000004,
    "no_of_buyer":1,
    "roa_percent":6.25,
    "roe_percent":43.57,
    "gross_profit_margin_percent":0.0,
    "operating_margin_percent":8.03,
    "net_margin_percent":6.04,
    "asset_turnover_ratio":1.03,
    "receivables_turnover_ratio":2.6,
    "inventory_turnover_ratio":5.97,
    "operating_expense_ratio":22.43,
    "current_ratio":1.18,
    "debt_to_asset_ratio":0.85,
    "asset_to_equity_ratio":6.62,
    "debt_to_equity_ratio":5.62,
    "source_sheet":"Sheet1"
  },
  {
    "No":176,
    "registration_id":"105545027300",
    "supplier_id":5049,
    "is_supplier":5049,
    "start_effective_date":"2016-04-01",
    "size":"M",
    "supplier_name":"บริษัท ดีเอสซี ซินดิเคท จำกัด (สำนักงานใหญ่)",
    "registration_date":"2002-08-03",
    "registered_capital":5000000.0,
    "trade_receivables_net":50213084.0600000024,
    "inventory":20429658.1700000018,
    "current_assets":122605270.900000006,
    "property_plant_equipment":1566163.72,
    "non_current_assets":1942025.25,
    "total_assets":124547296.150000006,
    "current_liabilities":81694816.9200000018,
    "non_current_liabilities":83347856.0,
    "total_liabilities":165042672.9199999869,
    "shareholders_equity":-40495376.7700000033,
    "liabilities_and_equity":124547296.150000006,
    "group":3.0,
    "main_revenue":213678690.9600000083,
    "total_revenue_fs":217554175.2400000095,
    "cost_of_goods_sold":131606816.1700000018,
    "gross_profit":0.0,
    "selling_and_admin_expenses":118875342.2099999934,
    "total_expenses":250482158.3799999952,
    "interest_expense":662287.17,
    "profit_before_tax":-33590270.3100000024,
    "income_tax":0.0,
    "net_profit":-33590270.3100000024,
    "no_of_buyer":3,
    "roa_percent":-27.74,
    "roe_percent":143.53,
    "gross_profit_margin_percent":0.0,
    "operating_margin_percent":-15.44,
    "net_margin_percent":-15.44,
    "asset_turnover_ratio":1.8,
    "receivables_turnover_ratio":3.01,
    "inventory_turnover_ratio":6.72,
    "operating_expense_ratio":54.64,
    "current_ratio":1.5,
    "debt_to_asset_ratio":1.33,
    "asset_to_equity_ratio":-3.08,
    "debt_to_equity_ratio":-4.08,
    "source_sheet":"Sheet1"
  },
  {
    "No":296,
    "registration_id":"125540006801",
    "supplier_id":5402,
    "is_supplier":5402,
    "start_effective_date":"2013-11-01",
    "size":"M",
    "supplier_name":"บริษัท ยาอินไทย จำกัด (สำนักงานใหญ่)",
    "registration_date":"1997-09-10",
    "registered_capital":30000000.0,
    "trade_receivables_net":56653931.7199999988,
    "inventory":null,
    "current_assets":138956411.9799999893,
    "property_plant_equipment":384735895.5600000024,
    "non_current_assets":384862295.5600000024,
    "total_assets":523818707.5400000215,
    "current_liabilities":370540213.4499999881,
    "non_current_liabilities":95690571.5199999958,
    "total_liabilities":466230784.9700000286,
    "shareholders_equity":57587922.5700000003,
    "liabilities_and_equity":523818707.5400000215,
    "group":3.0,
    "main_revenue":212566765.599999994,
    "total_revenue_fs":213704619.9399999976,
    "cost_of_goods_sold":128936788.6200000048,
    "gross_profit":0.0,
    "selling_and_admin_expenses":73122515.7099999934,
    "total_expenses":202059304.3300000131,
    "interest_expense":5981317.0300000003,
    "profit_before_tax":5663998.5800000001,
    "income_tax":865292.51,
    "net_profit":4798706.0700000003,
    "no_of_buyer":1,
    "roa_percent":0.89,
    "roe_percent":8.7,
    "gross_profit_margin_percent":0.0,
    "operating_margin_percent":2.65,
    "net_margin_percent":2.25,
    "asset_turnover_ratio":0.4,
    "receivables_turnover_ratio":3.89,
    "inventory_turnover_ratio":2.09,
    "operating_expense_ratio":34.22,
    "current_ratio":0.38,
    "debt_to_asset_ratio":0.89,
    "asset_to_equity_ratio":9.1,
    "debt_to_equity_ratio":8.1,
    "source_sheet":"Sheet1"
  },
  {
    "No":699,
    "registration_id":"105556171831",
    "supplier_id":478,
    "is_supplier":478,
    "start_effective_date":"2005-08-01",
    "size":"M",
    "supplier_name":"บริษัท สัมมิท คอร์ปอเรชั่น โอเวอร์ซีส์ จำกัด (สำนักงานใหญ่)",
    "registration_date":"2013-10-25",
    "registered_capital":105000000.0,
    "trade_receivables_net":54465879.0,
    "inventory":31412711.0,
    "current_assets":123763538.0,
    "property_plant_equipment":2982704.0,
    "non_current_assets":9167584.0,
    "total_assets":132931122.0,
    "current_liabilities":25871278.0,
    "non_current_liabilities":104512060.0,
    "total_liabilities":130383338.0,
    "shareholders_equity":2547784.0,
    "liabilities_and_equity":132931122.0,
    "group":3.0,
    "main_revenue":208791610.0,
    "total_revenue_fs":212880623.0,
    "cost_of_goods_sold":124604655.0,
    "gross_profit":0.0,
    "selling_and_admin_expenses":124417920.0,
    "total_expenses":249022575.0,
    "interest_expense":0.0,
    "profit_before_tax":-36141952.0,
    "income_tax":0.0,
    "net_profit":-36141952.0,
    "no_of_buyer":2,
    "roa_percent":-24.96,
    "roe_percent":-1158.86,
    "gross_profit_margin_percent":0.0,
    "operating_margin_percent":-16.98,
    "net_margin_percent":-16.98,
    "asset_turnover_ratio":1.47,
    "receivables_turnover_ratio":4.08,
    "inventory_turnover_ratio":3.69,
    "operating_expense_ratio":58.44,
    "current_ratio":4.78,
    "debt_to_asset_ratio":0.98,
    "asset_to_equity_ratio":52.18,
    "debt_to_equity_ratio":51.18,
    "source_sheet":"Sheet1"
  },
  {
    "No":349,
    "registration_id":"105528030373",
    "supplier_id":5444,
    "is_supplier":5444,
    "start_effective_date":"2014-03-01",
    "size":"M",
    "supplier_name":"บริษัท ไทย-มีโก้ จำกัด (สำนักงานใหญ่)",
    "registration_date":"1985-09-02",
    "registered_capital":20000000.0,
    "trade_receivables_net":21444546.6499999985,
    "inventory":57127100.8299999982,
    "current_assets":81406104.0100000054,
    "property_plant_equipment":41210433.200000003,
    "non_current_assets":42284779.9799999967,
    "total_assets":123690883.9899999946,
    "current_liabilities":54252147.2899999991,
    "non_current_liabilities":0.0,
    "total_liabilities":54252147.2899999991,
    "shareholders_equity":69438736.700000003,
    "liabilities_and_equity":123690883.9899999946,
    "group":3.0,
    "main_revenue":211907326.1399999857,
    "total_revenue_fs":212054337.7100000083,
    "cost_of_goods_sold":150550389.0500000119,
    "gross_profit":0.0,
    "selling_and_admin_expenses":49892885.5200000033,
    "total_expenses":200719908.6299999952,
    "interest_expense":247221.92,
    "profit_before_tax":11087207.1600000001,
    "income_tax":2272768.2400000002,
    "net_profit":8814438.9199999999,
    "no_of_buyer":1,
    "roa_percent":7.72,
    "roe_percent":13.55,
    "gross_profit_margin_percent":0.0,
    "operating_margin_percent":5.23,
    "net_margin_percent":4.16,
    "asset_turnover_ratio":1.86,
    "receivables_turnover_ratio":10.85,
    "inventory_turnover_ratio":2.91,
    "operating_expense_ratio":23.53,
    "current_ratio":1.5,
    "debt_to_asset_ratio":0.44,
    "asset_to_equity_ratio":1.78,
    "debt_to_equity_ratio":0.78,
    "source_sheet":"Sheet1"
  },
  {
    "No":444,
    "registration_id":"105556189730",
    "supplier_id":5327,
    "is_supplier":5327,
    "start_effective_date":"2012-11-01",
    "size":"M",
    "supplier_name":"บริษัท สมาพันธ์เฮลธ์ จำกัด (สำนักงานใหญ่)",
    "registration_date":"2013-11-29",
    "registered_capital":88000000.0,
    "trade_receivables_net":40265757.0,
    "inventory":50547671.0,
    "current_assets":98875351.0,
    "property_plant_equipment":21077339.0,
    "non_current_assets":30097976.0,
    "total_assets":128973327.0,
    "current_liabilities":22885640.0,
    "non_current_liabilities":5900258.0,
    "total_liabilities":28785898.0,
    "shareholders_equity":100187429.0,
    "liabilities_and_equity":128973327.0,
    "group":3.0,
    "main_revenue":197397166.0,
    "total_revenue_fs":211577497.0,
    "cost_of_goods_sold":126228701.0,
    "gross_profit":71168465.0,
    "selling_and_admin_expenses":68134153.0,
    "total_expenses":194362854.0,
    "interest_expense":149662.0,
    "profit_before_tax":17064981.0,
    "income_tax":2698008.0,
    "net_profit":14366973.0,
    "no_of_buyer":1,
    "roa_percent":9.32,
    "roe_percent":11.17,
    "gross_profit_margin_percent":33.64,
    "operating_margin_percent":8.07,
    "net_margin_percent":6.79,
    "asset_turnover_ratio":1.37,
    "receivables_turnover_ratio":5.56,
    "inventory_turnover_ratio":2.36,
    "operating_expense_ratio":32.2,
    "current_ratio":4.32,
    "debt_to_asset_ratio":0.22,
    "asset_to_equity_ratio":1.29,
    "debt_to_equity_ratio":0.29,
    "source_sheet":"Sheet1"
  },
  {
    "No":128,
    "registration_id":"135551002216",
    "supplier_id":5499,
    "is_supplier":5499,
    "start_effective_date":"2014-08-01",
    "size":"M",
    "supplier_name":"บริษัท ศิริชิน จำกัด (สำนักงานใหญ่)",
    "registration_date":"2008-03-03",
    "registered_capital":4000000.0,
    "trade_receivables_net":19011366.4200000018,
    "inventory":19626168.2300000004,
    "current_assets":39908773.0200000033,
    "property_plant_equipment":30481211.75,
    "non_current_assets":31245211.75,
    "total_assets":71153984.7699999958,
    "current_liabilities":46198338.5799999982,
    "non_current_liabilities":4839170.7000000002,
    "total_liabilities":51037509.2800000012,
    "shareholders_equity":20116475.4899999984,
    "liabilities_and_equity":71153984.7699999958,
    "group":3.0,
    "main_revenue":208013932.400000006,
    "total_revenue_fs":208014014.599999994,
    "cost_of_goods_sold":168162105.7400000095,
    "gross_profit":0.0,
    "selling_and_admin_expenses":33704098.049999997,
    "total_expenses":201866203.7899999917,
    "interest_expense":1524935.23,
    "profit_before_tax":4622875.5800000001,
    "income_tax":940095.84,
    "net_profit":3682779.7400000002,
    "no_of_buyer":1,
    "roa_percent":5.07,
    "roe_percent":20.15,
    "gross_profit_margin_percent":0.0,
    "operating_margin_percent":2.22,
    "net_margin_percent":1.77,
    "asset_turnover_ratio":2.87,
    "receivables_turnover_ratio":12.63,
    "inventory_turnover_ratio":9.0,
    "operating_expense_ratio":16.2,
    "current_ratio":0.86,
    "debt_to_asset_ratio":0.72,
    "asset_to_equity_ratio":3.54,
    "debt_to_equity_ratio":2.54,
    "source_sheet":"Sheet1"
  },
  {
    "No":465,
    "registration_id":"105531093186",
    "supplier_id":2200,
    "is_supplier":2200,
    "start_effective_date":"2014-07-01",
    "size":"M",
    "supplier_name":"บริษัท ที.เอส.ที พลาสแพค จำกัด (สำนักงานใหญ่)",
    "registration_date":"1988-11-25",
    "registered_capital":20000000.0,
    "trade_receivables_net":45189542.4299999997,
    "inventory":1067535.0,
    "current_assets":55025927.7400000021,
    "property_plant_equipment":12293100.0299999993,
    "non_current_assets":12293100.0299999993,
    "total_assets":67319027.7699999958,
    "current_liabilities":21097320.8200000003,
    "non_current_liabilities":21200078.1600000001,
    "total_liabilities":42297398.9799999967,
    "shareholders_equity":25021628.7899999991,
    "liabilities_and_equity":67319027.7699999958,
    "group":3.0,
    "main_revenue":197567305.8700000048,
    "total_revenue_fs":197802492.9499999881,
    "cost_of_goods_sold":174253519.650000006,
    "gross_profit":0.0,
    "selling_and_admin_expenses":19694722.7800000012,
    "total_expenses":193948242.4300000072,
    "interest_expense":21639.49,
    "profit_before_tax":3832611.0299999998,
    "income_tax":787485.0600000001,
    "net_profit":3045125.9700000002,
    "no_of_buyer":1,
    "roa_percent":4.5,
    "roe_percent":12.96,
    "gross_profit_margin_percent":0.0,
    "operating_margin_percent":1.94,
    "net_margin_percent":1.54,
    "asset_turnover_ratio":2.92,
    "receivables_turnover_ratio":4.52,
    "inventory_turnover_ratio":203.75,
    "operating_expense_ratio":9.96,
    "current_ratio":2.61,
    "debt_to_asset_ratio":0.63,
    "asset_to_equity_ratio":2.69,
    "debt_to_equity_ratio":1.69,
    "source_sheet":"Sheet1"
  },
  {
    "No":409,
    "registration_id":"105544017319",
    "supplier_id":2101,
    "is_supplier":2101,
    "start_effective_date":"2007-02-01",
    "size":"M",
    "supplier_name":"บริษัท สยาม เอ็ม.ซี. จำกัด (สำนักงานใหญ่)",
    "registration_date":"2001-02-20",
    "registered_capital":5000000.0,
    "trade_receivables_net":43540028.0700000003,
    "inventory":19306375.3200000003,
    "current_assets":93801607.8900000006,
    "property_plant_equipment":14948831.1500000004,
    "non_current_assets":15354851.7400000002,
    "total_assets":109156459.6299999952,
    "current_liabilities":12543472.1199999992,
    "non_current_liabilities":83015509.7900000066,
    "total_liabilities":95558981.9099999964,
    "shareholders_equity":13597477.7200000007,
    "liabilities_and_equity":109156459.6299999952,
    "group":3.0,
    "main_revenue":196911980.400000006,
    "total_revenue_fs":197026065.8799999952,
    "cost_of_goods_sold":0.0,
    "gross_profit":0.0,
    "selling_and_admin_expenses":0.0,
    "total_expenses":195348254.349999994,
    "interest_expense":283673.1,
    "profit_before_tax":1394138.4299999999,
    "income_tax":333052.67,
    "net_profit":1061085.76,
    "no_of_buyer":1,
    "roa_percent":0.97,
    "roe_percent":8.12,
    "gross_profit_margin_percent":0.0,
    "operating_margin_percent":0.71,
    "net_margin_percent":0.54,
    "asset_turnover_ratio":1.8,
    "receivables_turnover_ratio":3.22,
    "inventory_turnover_ratio":0.0,
    "operating_expense_ratio":0.0,
    "current_ratio":7.48,
    "debt_to_asset_ratio":0.88,
    "asset_to_equity_ratio":8.03,
    "debt_to_equity_ratio":7.03,
    "source_sheet":"Sheet1"
  },
  {
    "No":415,
    "registration_id":"745551002661",
    "supplier_id":5282,
    "is_supplier":5282,
    "start_effective_date":"2012-04-01",
    "size":"M",
    "supplier_name":"บริษัท ธนารักษ์ อินเตอร์ฟู้ดส์ จำกัด (สำนักงานใหญ่)",
    "registration_date":"2008-08-22",
    "registered_capital":1000000.0,
    "trade_receivables_net":46194634.0600000024,
    "inventory":54328022.8200000003,
    "current_assets":103000328.0199999958,
    "property_plant_equipment":10431176.0,
    "non_current_assets":10442234.9299999997,
    "total_assets":113442562.950000003,
    "current_liabilities":69049721.0100000054,
    "non_current_liabilities":20893208.379999999,
    "total_liabilities":89942929.3900000006,
    "shareholders_equity":23499633.5599999987,
    "liabilities_and_equity":113442562.950000003,
    "group":3.0,
    "main_revenue":188738392.8000000119,
    "total_revenue_fs":192241111.4399999976,
    "cost_of_goods_sold":0.0,
    "gross_profit":0.0,
    "selling_and_admin_expenses":0.0,
    "total_expenses":171587648.8600000143,
    "interest_expense":573193.89,
    "profit_before_tax":20080268.6900000013,
    "income_tax":4116752.5099999998,
    "net_profit":15963516.1799999997,
    "no_of_buyer":3,
    "roa_percent":19.0,
    "roe_percent":102.87,
    "gross_profit_margin_percent":0.0,
    "operating_margin_percent":10.45,
    "net_margin_percent":8.3,
    "asset_turnover_ratio":2.29,
    "receivables_turnover_ratio":6.18,
    "inventory_turnover_ratio":0.0,
    "operating_expense_ratio":0.0,
    "current_ratio":1.49,
    "debt_to_asset_ratio":0.79,
    "asset_to_equity_ratio":4.83,
    "debt_to_equity_ratio":3.83,
    "source_sheet":"Sheet1"
  },
  {
    "No":179,
    "registration_id":"105538092169",
    "supplier_id":130,
    "is_supplier":130,
    "start_effective_date":"2007-06-01",
    "size":"M",
    "supplier_name":"บริษัท คาสสินี่ กรุ๊ป จำกัด (สำนักงานใหญ่)",
    "registration_date":"1995-03-08",
    "registered_capital":2000000.0,
    "trade_receivables_net":47303883.0700000003,
    "inventory":31986043.7100000009,
    "current_assets":83008635.3599999994,
    "property_plant_equipment":73334197.2199999988,
    "non_current_assets":73845789.0300000012,
    "total_assets":156854424.3899999857,
    "current_liabilities":76768345.0199999958,
    "non_current_liabilities":49204969.4699999988,
    "total_liabilities":125973314.4899999946,
    "shareholders_equity":30881109.8999999985,
    "liabilities_and_equity":156854424.3899999857,
    "group":3.0,
    "main_revenue":184128330.9199999869,
    "total_revenue_fs":191173170.7199999988,
    "cost_of_goods_sold":129066133.7099999934,
    "gross_profit":55062197.2100000009,
    "selling_and_admin_expenses":45812537.3100000024,
    "total_expenses":174878671.0200000107,
    "interest_expense":4100532.29,
    "profit_before_tax":12193967.4100000001,
    "income_tax":2723346.7000000002,
    "net_profit":9470620.7100000009,
    "no_of_buyer":1,
    "roa_percent":6.27,
    "roe_percent":36.22,
    "gross_profit_margin_percent":28.8,
    "operating_margin_percent":6.38,
    "net_margin_percent":4.95,
    "asset_turnover_ratio":1.27,
    "receivables_turnover_ratio":4.45,
    "inventory_turnover_ratio":3.9,
    "operating_expense_ratio":23.96,
    "current_ratio":1.08,
    "debt_to_asset_ratio":0.8,
    "asset_to_equity_ratio":5.08,
    "debt_to_equity_ratio":4.08,
    "source_sheet":"Sheet1"
  },
  {
    "No":667,
    "registration_id":"605528000062",
    "supplier_id":5581,
    "is_supplier":5581,
    "start_effective_date":"2015-02-01",
    "size":"M",
    "supplier_name":"บริษัท บูรพาโอสถ จำกัด (สำนักงานใหญ่)",
    "registration_date":"1985-05-14",
    "registered_capital":60000000.0,
    "trade_receivables_net":76561443.1700000018,
    "inventory":127325098.6700000018,
    "current_assets":206045545.6699999869,
    "property_plant_equipment":44044846.6300000027,
    "non_current_assets":47076504.7299999967,
    "total_assets":253122050.400000006,
    "current_liabilities":149393615.8899999857,
    "non_current_liabilities":42407001.4799999967,
    "total_liabilities":191800617.3700000048,
    "shareholders_equity":61321433.0300000012,
    "liabilities_and_equity":253122050.400000006,
    "group":3.0,
    "main_revenue":187466370.3700000048,
    "total_revenue_fs":187523434.2800000012,
    "cost_of_goods_sold":0.0,
    "gross_profit":0.0,
    "selling_and_admin_expenses":0.0,
    "total_expenses":183438134.3700000048,
    "interest_expense":2833420.3799999999,
    "profit_before_tax":1251879.53,
    "income_tax":647808.11,
    "net_profit":604071.42,
    "no_of_buyer":1,
    "roa_percent":0.26,
    "roe_percent":0.99,
    "gross_profit_margin_percent":0.0,
    "operating_margin_percent":0.67,
    "net_margin_percent":0.32,
    "asset_turnover_ratio":0.79,
    "receivables_turnover_ratio":2.42,
    "inventory_turnover_ratio":0.0,
    "operating_expense_ratio":0.0,
    "current_ratio":1.38,
    "debt_to_asset_ratio":0.76,
    "asset_to_equity_ratio":4.13,
    "debt_to_equity_ratio":3.13,
    "source_sheet":"Sheet1"
  },
  {
    "No":302,
    "registration_id":"105533095721",
    "supplier_id":5318,
    "is_supplier":5318,
    "start_effective_date":"2012-09-01",
    "size":"M",
    "supplier_name":"บริษัท สถาพรมาเก็ตติ้ง จำกัด (สำนักงานใหญ่)",
    "registration_date":"1990-08-13",
    "registered_capital":20000000.0,
    "trade_receivables_net":40143181.299999997,
    "inventory":32314023.379999999,
    "current_assets":75006871.9399999976,
    "property_plant_equipment":32080991.2100000009,
    "non_current_assets":33250042.5399999991,
    "total_assets":108256914.4800000042,
    "current_liabilities":72119145.4300000072,
    "non_current_liabilities":3723632.0,
    "total_liabilities":75842777.4300000072,
    "shareholders_equity":32414137.0500000007,
    "liabilities_and_equity":108256914.4800000042,
    "group":3.0,
    "main_revenue":186614276.1800000072,
    "total_revenue_fs":187363855.3700000048,
    "cost_of_goods_sold":0.0,
    "gross_profit":0.0,
    "selling_and_admin_expenses":0.0,
    "total_expenses":170925571.900000006,
    "interest_expense":1186316.3899999999,
    "profit_before_tax":15251967.0800000001,
    "income_tax":2232719.5299999998,
    "net_profit":13019247.5500000007,
    "no_of_buyer":2,
    "roa_percent":11.16,
    "roe_percent":50.26,
    "gross_profit_margin_percent":0.0,
    "operating_margin_percent":8.14,
    "net_margin_percent":6.95,
    "asset_turnover_ratio":1.61,
    "receivables_turnover_ratio":4.22,
    "inventory_turnover_ratio":0.0,
    "operating_expense_ratio":0.0,
    "current_ratio":1.04,
    "debt_to_asset_ratio":0.7,
    "asset_to_equity_ratio":3.34,
    "debt_to_equity_ratio":2.34,
    "source_sheet":"Sheet1"
  },
  {
    "No":700,
    "registration_id":"105546124678",
    "supplier_id":546,
    "is_supplier":546,
    "start_effective_date":"2005-08-01",
    "size":"M",
    "supplier_name":"บริษัท ฟอร์แคร์ จำกัด (สำนักงานใหญ่)",
    "registration_date":"2003-10-13",
    "registered_capital":15000000.0,
    "trade_receivables_net":25127471.3399999999,
    "inventory":10425298.6500000004,
    "current_assets":44304192.9299999997,
    "property_plant_equipment":26289086.8500000015,
    "non_current_assets":28771786.3999999985,
    "total_assets":73075979.3299999982,
    "current_liabilities":57916242.5799999982,
    "non_current_liabilities":3503340.3399999999,
    "total_liabilities":61419582.9200000018,
    "shareholders_equity":11656396.4100000001,
    "liabilities_and_equity":73075979.3299999982,
    "group":3.0,
    "main_revenue":175206751.1100000143,
    "total_revenue_fs":175736352.9199999869,
    "cost_of_goods_sold":0.0,
    "gross_profit":0.0,
    "selling_and_admin_expenses":0.0,
    "total_expenses":167960116.8100000024,
    "interest_expense":784844.49,
    "profit_before_tax":6991391.6200000001,
    "income_tax":720892.64,
    "net_profit":6270498.9800000004,
    "no_of_buyer":1,
    "roa_percent":11.31,
    "roe_percent":73.59,
    "gross_profit_margin_percent":0.0,
    "operating_margin_percent":3.98,
    "net_margin_percent":3.57,
    "asset_turnover_ratio":3.17,
    "receivables_turnover_ratio":7.69,
    "inventory_turnover_ratio":0.0,
    "operating_expense_ratio":0.0,
    "current_ratio":0.76,
    "debt_to_asset_ratio":0.84,
    "asset_to_equity_ratio":6.27,
    "debt_to_equity_ratio":5.27,
    "source_sheet":"Sheet1"
  },
  {
    "No":81,
    "registration_id":"105539001647",
    "supplier_id":5201,
    "is_supplier":5201,
    "start_effective_date":"2010-06-01",
    "size":"M",
    "supplier_name":"บริษัท ดี ซูพรีม จำกัด (สำนักงานใหญ่)",
    "registration_date":"2013-11-06",
    "registered_capital":6000000.0,
    "trade_receivables_net":15410293.9100000001,
    "inventory":4988911.5300000003,
    "current_assets":27496475.7100000009,
    "property_plant_equipment":21842901.5899999999,
    "non_current_assets":28152561.1600000001,
    "total_assets":55649036.8699999973,
    "current_liabilities":38344143.6199999973,
    "non_current_liabilities":7436631.3600000003,
    "total_liabilities":45780774.9799999967,
    "shareholders_equity":9868261.8900000006,
    "liabilities_and_equity":55649036.8699999973,
    "group":3.0,
    "main_revenue":174944033.5399999917,
    "total_revenue_fs":175654330.650000006,
    "cost_of_goods_sold":132414063.8299999982,
    "gross_profit":0.0,
    "selling_and_admin_expenses":33305097.5899999999,
    "total_expenses":165719161.4199999869,
    "interest_expense":483756.82,
    "profit_before_tax":9451412.4100000001,
    "income_tax":0.0,
    "net_profit":9451412.4100000001,
    "no_of_buyer":1,
    "roa_percent":17.27,
    "roe_percent":167.32,
    "gross_profit_margin_percent":0.0,
    "operating_margin_percent":5.38,
    "net_margin_percent":5.38,
    "asset_turnover_ratio":3.21,
    "receivables_turnover_ratio":10.07,
    "inventory_turnover_ratio":26.5,
    "operating_expense_ratio":18.96,
    "current_ratio":0.72,
    "debt_to_asset_ratio":0.82,
    "asset_to_equity_ratio":5.64,
    "debt_to_equity_ratio":4.64,
    "source_sheet":"Sheet1"
  },
  {
    "No":193,
    "registration_id":"105535062277",
    "supplier_id":1138,
    "is_supplier":1138,
    "start_effective_date":"2008-04-01",
    "size":"M",
    "supplier_name":"บริษัท สยามเซฟเวย์ เทรดดิ้ง จำกัด (สำนักงานใหญ่)",
    "registration_date":"1992-09-04",
    "registered_capital":20000000.0,
    "trade_receivables_net":129881259.7199999988,
    "inventory":8016340.5599999996,
    "current_assets":150656731.8400000036,
    "property_plant_equipment":35126026.7299999967,
    "non_current_assets":37605095.1899999976,
    "total_assets":188261827.0300000012,
    "current_liabilities":100391965.9800000042,
    "non_current_liabilities":0.0,
    "total_liabilities":100391965.9800000042,
    "shareholders_equity":87869861.049999997,
    "liabilities_and_equity":188261827.0300000012,
    "group":3.0,
    "main_revenue":172584588.5200000107,
    "total_revenue_fs":174389563.4900000095,
    "cost_of_goods_sold":90962646.5100000054,
    "gross_profit":0.0,
    "selling_and_admin_expenses":62234303.4900000021,
    "total_expenses":153196950.0,
    "interest_expense":3521543.6600000001,
    "profit_before_tax":17671069.8299999982,
    "income_tax":3849571.75,
    "net_profit":13821498.0800000001,
    "no_of_buyer":2,
    "roa_percent":7.92,
    "roe_percent":17.07,
    "gross_profit_margin_percent":0.0,
    "operating_margin_percent":10.13,
    "net_margin_percent":7.93,
    "asset_turnover_ratio":1.0,
    "receivables_turnover_ratio":1.46,
    "inventory_turnover_ratio":12.69,
    "operating_expense_ratio":35.69,
    "current_ratio":1.5,
    "debt_to_asset_ratio":0.53,
    "asset_to_equity_ratio":2.14,
    "debt_to_equity_ratio":1.14,
    "source_sheet":"Sheet1"
  },
  {
    "No":308,
    "registration_id":"105532038367",
    "supplier_id":1060,
    "is_supplier":1060,
    "start_effective_date":"2005-08-01",
    "size":"M",
    "supplier_name":"บริษัท สยามอุตสาหกรรมไผ่ จำกัด (สำนักงานใหญ่)",
    "registration_date":"1989-04-25",
    "registered_capital":1000000.0,
    "trade_receivables_net":38539214.0600000024,
    "inventory":7992877.5,
    "current_assets":49824072.5900000036,
    "property_plant_equipment":2095479.48,
    "non_current_assets":2095479.48,
    "total_assets":51919552.0700000003,
    "current_liabilities":26744486.0599999987,
    "non_current_liabilities":836748.0,
    "total_liabilities":27581234.0599999987,
    "shareholders_equity":24338318.0100000016,
    "liabilities_and_equity":51919552.0700000003,
    "group":3.0,
    "main_revenue":172755239.3300000131,
    "total_revenue_fs":172755284.3300000131,
    "cost_of_goods_sold":160620174.6899999976,
    "gross_profit":0.0,
    "selling_and_admin_expenses":6947148.4500000002,
    "total_expenses":167567323.1399999857,
    "interest_expense":736210.91,
    "profit_before_tax":4451750.2800000003,
    "income_tax":898416.8,
    "net_profit":3553333.48,
    "no_of_buyer":1,
    "roa_percent":6.93,
    "roe_percent":15.75,
    "gross_profit_margin_percent":0.0,
    "operating_margin_percent":2.58,
    "net_margin_percent":2.06,
    "asset_turnover_ratio":3.37,
    "receivables_turnover_ratio":4.46,
    "inventory_turnover_ratio":19.27,
    "operating_expense_ratio":4.02,
    "current_ratio":1.86,
    "debt_to_asset_ratio":0.53,
    "asset_to_equity_ratio":2.13,
    "debt_to_equity_ratio":1.13,
    "source_sheet":"Sheet1"
  },
  {
    "No":167,
    "registration_id":"105504000831",
    "supplier_id":401,
    "is_supplier":401,
    "start_effective_date":"2005-08-01",
    "size":"M",
    "supplier_name":"บริษัท ลอรีส จำกัด (สำนักงานใหญ่)",
    "registration_date":"1961-06-13",
    "registered_capital":8000000.0,
    "trade_receivables_net":46059398.0700000003,
    "inventory":8760084.25,
    "current_assets":78679202.3100000024,
    "property_plant_equipment":53571569.0399999991,
    "non_current_assets":69912983.1899999976,
    "total_assets":148592185.5,
    "current_liabilities":34668314.7700000033,
    "non_current_liabilities":827408.8199999999,
    "total_liabilities":35495723.5900000036,
    "shareholders_equity":113096461.9099999964,
    "liabilities_and_equity":148592185.5,
    "group":3.0,
    "main_revenue":168518959.4099999964,
    "total_revenue_fs":171285914.7400000095,
    "cost_of_goods_sold":0.0,
    "gross_profit":0.0,
    "selling_and_admin_expenses":0.0,
    "total_expenses":168201760.25,
    "interest_expense":150517.74,
    "profit_before_tax":2933636.75,
    "income_tax":1595862.0900000001,
    "net_profit":1337774.6599999999,
    "no_of_buyer":6,
    "roa_percent":0.88,
    "roe_percent":1.19,
    "gross_profit_margin_percent":0.0,
    "operating_margin_percent":1.71,
    "net_margin_percent":0.78,
    "asset_turnover_ratio":1.13,
    "receivables_turnover_ratio":4.06,
    "inventory_turnover_ratio":0.0,
    "operating_expense_ratio":0.0,
    "current_ratio":2.27,
    "debt_to_asset_ratio":0.24,
    "asset_to_equity_ratio":1.31,
    "debt_to_equity_ratio":0.31,
    "source_sheet":"Sheet1"
  },
  {
    "No":261,
    "registration_id":"105528010216",
    "supplier_id":1075,
    "is_supplier":1075,
    "start_effective_date":null,
    "size":"M",
    "supplier_name":"บริษัท สยามแว็กซี่แสตนดาร์ด จำกัด (สำนักงานใหญ่)",
    "registration_date":"1985-03-19",
    "registered_capital":10000000.0,
    "trade_receivables_net":34841634.5799999982,
    "inventory":15406611.9000000004,
    "current_assets":53594794.0600000024,
    "property_plant_equipment":43391114.6400000006,
    "non_current_assets":52255476.0300000012,
    "total_assets":105850270.0900000036,
    "current_liabilities":40222217.8200000003,
    "non_current_liabilities":0.0,
    "total_liabilities":40222217.8200000003,
    "shareholders_equity":65628052.2700000033,
    "liabilities_and_equity":105850270.0900000036,
    "group":3.0,
    "main_revenue":168326720.3100000024,
    "total_revenue_fs":168835941.2800000012,
    "cost_of_goods_sold":0.0,
    "gross_profit":0.0,
    "selling_and_admin_expenses":0.0,
    "total_expenses":158990335.9300000072,
    "interest_expense":28103.65,
    "profit_before_tax":9817501.6999999993,
    "income_tax":2108484.0299999998,
    "net_profit":7709017.6699999999,
    "no_of_buyer":2,
    "roa_percent":7.95,
    "roe_percent":12.48,
    "gross_profit_margin_percent":0.0,
    "operating_margin_percent":5.81,
    "net_margin_percent":4.57,
    "asset_turnover_ratio":1.74,
    "receivables_turnover_ratio":4.98,
    "inventory_turnover_ratio":0.0,
    "operating_expense_ratio":0.0,
    "current_ratio":1.33,
    "debt_to_asset_ratio":0.38,
    "asset_to_equity_ratio":1.61,
    "debt_to_equity_ratio":0.61,
    "source_sheet":"Sheet1"
  },
  {
    "No":312,
    "registration_id":"105556019958",
    "supplier_id":113,
    "is_supplier":113,
    "start_effective_date":null,
    "size":"M",
    "supplier_name":"บริษัท บรันช์ไทม์ จำกัด (สำนักงานใหญ่)",
    "registration_date":"2013-01-31",
    "registered_capital":10000000.0,
    "trade_receivables_net":101630.5,
    "inventory":1502812.1499999999,
    "current_assets":15871814.7400000002,
    "property_plant_equipment":11506215.5500000007,
    "non_current_assets":11506215.5500000007,
    "total_assets":27378030.2899999991,
    "current_liabilities":4309746.9699999997,
    "non_current_liabilities":1416212.77,
    "total_liabilities":5725959.7400000002,
    "shareholders_equity":21652070.5500000007,
    "liabilities_and_equity":27378030.2899999991,
    "group":3.0,
    "main_revenue":167014088.4300000072,
    "total_revenue_fs":167014088.4300000072,
    "cost_of_goods_sold":133544400.3599999994,
    "gross_profit":0.0,
    "selling_and_admin_expenses":21326129.6900000013,
    "total_expenses":154870530.0500000119,
    "interest_expense":50805.46,
    "profit_before_tax":12092752.9199999999,
    "income_tax":2501935.71,
    "net_profit":9590817.2100000009,
    "no_of_buyer":2,
    "roa_percent":54.76,
    "roe_percent":77.62,
    "gross_profit_margin_percent":0.0,
    "operating_margin_percent":7.24,
    "net_margin_percent":5.74,
    "asset_turnover_ratio":9.54,
    "receivables_turnover_ratio":841.95,
    "inventory_turnover_ratio":127.41,
    "operating_expense_ratio":12.77,
    "current_ratio":3.68,
    "debt_to_asset_ratio":0.21,
    "asset_to_equity_ratio":1.26,
    "debt_to_equity_ratio":0.26,
    "source_sheet":"Sheet1"
  },
  {
    "No":321,
    "registration_id":"105522015445",
    "supplier_id":2069,
    "is_supplier":2069,
    "start_effective_date":"2005-08-01",
    "size":"M",
    "supplier_name":"บริษัท สหศรีอุตสาหกรรม จำกัด (สำนักงานใหญ่)",
    "registration_date":"1979-08-20",
    "registered_capital":80000000.0,
    "trade_receivables_net":15378757.8900000006,
    "inventory":49458001.200000003,
    "current_assets":80719594.3700000048,
    "property_plant_equipment":58456908.0700000003,
    "non_current_assets":59837339.2700000033,
    "total_assets":140556933.6399999857,
    "current_liabilities":15057289.8300000001,
    "non_current_liabilities":487200.0,
    "total_liabilities":15544489.8300000001,
    "shareholders_equity":125012443.8100000024,
    "liabilities_and_equity":140556933.6399999857,
    "group":3.0,
    "main_revenue":158387233.8400000036,
    "total_revenue_fs":160787632.3899999857,
    "cost_of_goods_sold":143936146.7299999893,
    "gross_profit":0.0,
    "selling_and_admin_expenses":12879982.8300000001,
    "total_expenses":156816129.5600000024,
    "interest_expense":1343.81,
    "profit_before_tax":3970159.02,
    "income_tax":834244.73,
    "net_profit":3135914.29,
    "no_of_buyer":1,
    "roa_percent":2.28,
    "roe_percent":2.54,
    "gross_profit_margin_percent":0.0,
    "operating_margin_percent":2.47,
    "net_margin_percent":1.95,
    "asset_turnover_ratio":1.17,
    "receivables_turnover_ratio":11.59,
    "inventory_turnover_ratio":3.16,
    "operating_expense_ratio":8.01,
    "current_ratio":5.36,
    "debt_to_asset_ratio":0.11,
    "asset_to_equity_ratio":1.12,
    "debt_to_equity_ratio":0.12,
    "source_sheet":"Sheet1"
  },
  {
    "No":100,
    "registration_id":"105551117676",
    "supplier_id":5269,
    "is_supplier":5269,
    "start_effective_date":"2012-01-01",
    "size":"M",
    "supplier_name":"บริษัท ลีซัน วิชั่น จำกัด (สำนักงานใหญ่)",
    "registration_date":"2008-10-17",
    "registered_capital":1000000.0,
    "trade_receivables_net":46709903.0,
    "inventory":1065058.0,
    "current_assets":76667522.0,
    "property_plant_equipment":11221114.0,
    "non_current_assets":11239806.0,
    "total_assets":87907328.0,
    "current_liabilities":29057625.0,
    "non_current_liabilities":3604976.0,
    "total_liabilities":32662601.0,
    "shareholders_equity":55244727.0,
    "liabilities_and_equity":87907328.0,
    "group":3.0,
    "main_revenue":160649788.0,
    "total_revenue_fs":160769360.0,
    "cost_of_goods_sold":114661851.0,
    "gross_profit":0.0,
    "selling_and_admin_expenses":26010779.0,
    "total_expenses":140672630.0,
    "interest_expense":0.0,
    "profit_before_tax":20096730.0,
    "income_tax":4044792.0,
    "net_profit":16051938.0,
    "no_of_buyer":4,
    "roa_percent":19.9,
    "roe_percent":33.99,
    "gross_profit_margin_percent":0.0,
    "operating_margin_percent":12.5,
    "net_margin_percent":9.98,
    "asset_turnover_ratio":1.99,
    "receivables_turnover_ratio":3.75,
    "inventory_turnover_ratio":133.56,
    "operating_expense_ratio":16.18,
    "current_ratio":2.64,
    "debt_to_asset_ratio":0.37,
    "asset_to_equity_ratio":1.59,
    "debt_to_equity_ratio":0.59,
    "source_sheet":"Sheet1"
  },
  {
    "No":94,
    "registration_id":"675545000105",
    "supplier_id":1133,
    "is_supplier":1133,
    "start_effective_date":"2007-02-01",
    "size":"M",
    "supplier_name":"บริษัท สารัช มาร์เก็ตติ้ง จำกัด (สำนักงานใหญ่)",
    "registration_date":"2002-08-07",
    "registered_capital":50000000.0,
    "trade_receivables_net":16727694.0500000007,
    "inventory":37902297.6599999964,
    "current_assets":63471796.9200000018,
    "property_plant_equipment":45663673.9799999967,
    "non_current_assets":45830655.8400000036,
    "total_assets":109302452.7600000054,
    "current_liabilities":50798427.3299999982,
    "non_current_liabilities":167622.7,
    "total_liabilities":50966050.0300000012,
    "shareholders_equity":58336402.7299999967,
    "liabilities_and_equity":109302452.7600000054,
    "group":3.0,
    "main_revenue":156367500.0500000119,
    "total_revenue_fs":156667531.3100000024,
    "cost_of_goods_sold":139478366.7199999988,
    "gross_profit":0.0,
    "selling_and_admin_expenses":13910658.8599999994,
    "total_expenses":153389025.5800000131,
    "interest_expense":494600.66,
    "profit_before_tax":2783905.0699999998,
    "income_tax":715844.65,
    "net_profit":2068060.4199999999,
    "no_of_buyer":1,
    "roa_percent":3.37,
    "roe_percent":0.0,
    "gross_profit_margin_percent":1.79,
    "operating_margin_percent":1.42,
    "net_margin_percent":1.19,
    "asset_turnover_ratio":9.38,
    "receivables_turnover_ratio":2.07,
    "inventory_turnover_ratio":7.98,
    "operating_expense_ratio":1.35,
    "current_ratio":0.52,
    "debt_to_asset_ratio":2.1,
    "asset_to_equity_ratio":1.1,
    "debt_to_equity_ratio":3.37,
    "source_sheet":"Sheet1"
  },
  {
    "No":438,
    "registration_id":"105527003348",
    "supplier_id":2109,
    "is_supplier":2109,
    "start_effective_date":"2005-08-01",
    "size":"M",
    "supplier_name":"บริษัท เอ็ม.เอส.กรุ๊ป จำกัด (สำนักงานใหญ่)",
    "registration_date":"1984-01-23",
    "registered_capital":60000000.0,
    "trade_receivables_net":21489706.0899999999,
    "inventory":17599807.1099999994,
    "current_assets":43571664.3400000036,
    "property_plant_equipment":7216992.2599999998,
    "non_current_assets":9800376.6500000004,
    "total_assets":53372040.9900000021,
    "current_liabilities":59225200.5799999982,
    "non_current_liabilities":0.0,
    "total_liabilities":59225200.5799999982,
    "shareholders_equity":-5853159.5899999999,
    "liabilities_and_equity":53372040.9900000021,
    "group":3.0,
    "main_revenue":153601255.8300000131,
    "total_revenue_fs":154414901.4900000095,
    "cost_of_goods_sold":134021537.4800000042,
    "gross_profit":0.0,
    "selling_and_admin_expenses":24886848.4899999984,
    "total_expenses":174228417.5399999917,
    "interest_expense":1427929.05,
    "profit_before_tax":-21241445.1000000015,
    "income_tax":0.0,
    "net_profit":-21241445.1000000015,
    "no_of_buyer":2,
    "roa_percent":-37.5,
    "roe_percent":-445.54,
    "gross_profit_margin_percent":0.0,
    "operating_margin_percent":-13.76,
    "net_margin_percent":-13.76,
    "asset_turnover_ratio":2.73,
    "receivables_turnover_ratio":6.74,
    "inventory_turnover_ratio":7.28,
    "operating_expense_ratio":16.12,
    "current_ratio":0.74,
    "debt_to_asset_ratio":1.11,
    "asset_to_equity_ratio":-9.12,
    "debt_to_equity_ratio":-10.12,
    "source_sheet":"Sheet1"
  },
  {
    "No":317,
    "registration_id":"105533024416",
    "supplier_id":538,
    "is_supplier":538,
    "start_effective_date":"2005-08-01",
    "size":"M",
    "supplier_name":"บริษัท ยังค์มีดี ฟิวเจอร์ กรุพ จำกัด (สำนักงานใหญ่)",
    "registration_date":"1990-02-28",
    "registered_capital":50000000.0,
    "trade_receivables_net":59422126.4099999964,
    "inventory":77241983.25,
    "current_assets":138932608.5500000119,
    "property_plant_equipment":46371444.2400000021,
    "non_current_assets":57865507.1499999985,
    "total_assets":196798115.6999999881,
    "current_liabilities":44528871.8599999994,
    "non_current_liabilities":78920515.1299999952,
    "total_liabilities":123449386.9899999946,
    "shareholders_equity":73348728.7099999934,
    "liabilities_and_equity":196798115.6999999881,
    "group":3.0,
    "main_revenue":152367986.0800000131,
    "total_revenue_fs":153203016.3600000143,
    "cost_of_goods_sold":96005877.950000003,
    "gross_profit":0.0,
    "selling_and_admin_expenses":55498490.9099999964,
    "total_expenses":151504368.8600000143,
    "interest_expense":1062429.3999999999,
    "profit_before_tax":636218.1,
    "income_tax":198163.88,
    "net_profit":438054.22,
    "no_of_buyer":2,
    "roa_percent":0.22,
    "roe_percent":0.6,
    "gross_profit_margin_percent":0.0,
    "operating_margin_percent":0.42,
    "net_margin_percent":0.29,
    "asset_turnover_ratio":0.78,
    "receivables_turnover_ratio":2.66,
    "inventory_turnover_ratio":1.25,
    "operating_expense_ratio":36.23,
    "current_ratio":3.12,
    "debt_to_asset_ratio":0.63,
    "asset_to_equity_ratio":2.68,
    "debt_to_equity_ratio":1.68,
    "source_sheet":"Sheet1"
  },
  {
    "No":137,
    "registration_id":"715552000238",
    "supplier_id":5057,
    "is_supplier":5057,
    "start_effective_date":"2009-12-01",
    "size":"M",
    "supplier_name":"บริษัท เจ เอช แอนด์ สโนว์ กรุ๊ป จำกัด (สำนักงานใหญ่)",
    "registration_date":"2009-11-03",
    "registered_capital":1000000.0,
    "trade_receivables_net":12441113.2400000002,
    "inventory":7960941.1600000001,
    "current_assets":22139769.7699999996,
    "property_plant_equipment":31689334.5399999991,
    "non_current_assets":31741334.5399999991,
    "total_assets":53881104.3100000024,
    "current_liabilities":49634233.9299999997,
    "non_current_liabilities":6132558.8799999999,
    "total_liabilities":55766792.8100000024,
    "shareholders_equity":-1885688.5,
    "liabilities_and_equity":53881104.3100000024,
    "group":3.0,
    "main_revenue":151856245.8400000036,
    "total_revenue_fs":151856678.6299999952,
    "cost_of_goods_sold":135775193.349999994,
    "gross_profit":0.0,
    "selling_and_admin_expenses":13577444.2200000007,
    "total_expenses":149352637.5699999928,
    "interest_expense":737207.41,
    "profit_before_tax":1766833.6499999999,
    "income_tax":640236.03,
    "net_profit":1126597.6200000001,
    "no_of_buyer":1,
    "roa_percent":2.4,
    "roe_percent":-46.0,
    "gross_profit_margin_percent":0.0,
    "operating_margin_percent":1.16,
    "net_margin_percent":0.74,
    "asset_turnover_ratio":3.23,
    "receivables_turnover_ratio":12.16,
    "inventory_turnover_ratio":18.63,
    "operating_expense_ratio":8.94,
    "current_ratio":0.45,
    "debt_to_asset_ratio":1.04,
    "asset_to_equity_ratio":-28.57,
    "debt_to_equity_ratio":-29.57,
    "source_sheet":"Sheet1"
  },
  {
    "No":453,
    "registration_id":"105538115762",
    "supplier_id":5291,
    "is_supplier":5291,
    "start_effective_date":"2012-06-01",
    "size":"M",
    "supplier_name":"บริษัท ผลิตภัณฑ์สมุนไพรไทย จำกัด (สำนักงานใหญ่)",
    "registration_date":"1995-09-28",
    "registered_capital":80000000.0,
    "trade_receivables_net":34271429.6199999973,
    "inventory":50557844.8500000015,
    "current_assets":87731233.9300000072,
    "property_plant_equipment":53925657.9699999988,
    "non_current_assets":56537478.9699999988,
    "total_assets":144268712.900000006,
    "current_liabilities":39022942.7599999979,
    "non_current_liabilities":5342309.6500000004,
    "total_liabilities":44365252.4099999964,
    "shareholders_equity":99903460.4899999946,
    "liabilities_and_equity":144268712.900000006,
    "group":3.0,
    "main_revenue":147123256.8700000048,
    "total_revenue_fs":148543934.1999999881,
    "cost_of_goods_sold":96451533.400000006,
    "gross_profit":0.0,
    "selling_and_admin_expenses":46468773.4399999976,
    "total_expenses":142920306.8400000036,
    "interest_expense":893669.66,
    "profit_before_tax":4729957.7000000002,
    "income_tax":0.0,
    "net_profit":4729957.7000000002,
    "no_of_buyer":1,
    "roa_percent":3.21,
    "roe_percent":4.85,
    "gross_profit_margin_percent":0.0,
    "operating_margin_percent":3.18,
    "net_margin_percent":3.18,
    "asset_turnover_ratio":1.01,
    "receivables_turnover_ratio":4.83,
    "inventory_turnover_ratio":2.04,
    "operating_expense_ratio":31.28,
    "current_ratio":2.25,
    "debt_to_asset_ratio":0.31,
    "asset_to_equity_ratio":1.44,
    "debt_to_equity_ratio":0.44,
    "source_sheet":"Sheet1"
  },
  {
    "No":168,
    "registration_id":"105544119928",
    "supplier_id":2044,
    "is_supplier":2044,
    "start_effective_date":"2007-05-01",
    "size":"M",
    "supplier_name":"บริษัท สวนผึ้งหวาน จำกัด (สำนักงานใหญ่)",
    "registration_date":"2001-12-17",
    "registered_capital":1000000.0,
    "trade_receivables_net":18111875.7399999984,
    "inventory":2404838.9700000002,
    "current_assets":23140208.9200000018,
    "property_plant_equipment":45620273.9799999967,
    "non_current_assets":47416625.6199999973,
    "total_assets":70556834.5400000066,
    "current_liabilities":42114146.1700000018,
    "non_current_liabilities":16519199.9800000004,
    "total_liabilities":58633346.1499999985,
    "shareholders_equity":11923488.3900000006,
    "liabilities_and_equity":70556834.5400000066,
    "group":3.0,
    "main_revenue":144339333.0099999905,
    "total_revenue_fs":144708331.5600000024,
    "cost_of_goods_sold":117583512.3599999994,
    "gross_profit":0.0,
    "selling_and_admin_expenses":21295252.2600000016,
    "total_expenses":138878764.6200000048,
    "interest_expense":2636594.0800000001,
    "profit_before_tax":3192972.8599999999,
    "income_tax":696204.24,
    "net_profit":2496768.6200000001,
    "no_of_buyer":1,
    "roa_percent":3.91,
    "roe_percent":23.39,
    "gross_profit_margin_percent":0.0,
    "operating_margin_percent":2.21,
    "net_margin_percent":1.73,
    "asset_turnover_ratio":2.26,
    "receivables_turnover_ratio":12.7,
    "inventory_turnover_ratio":51.44,
    "operating_expense_ratio":14.72,
    "current_ratio":0.55,
    "debt_to_asset_ratio":0.83,
    "asset_to_equity_ratio":5.92,
    "debt_to_equity_ratio":4.92,
    "source_sheet":"Sheet1"
  },
  {
    "No":115,
    "registration_id":"835542002466",
    "supplier_id":1146,
    "is_supplier":1146,
    "start_effective_date":"2008-06-01",
    "size":"M",
    "supplier_name":"บริษัท คุณแม่จู้ จำกัด (สำนักงานใหญ่)",
    "registration_date":"1999-07-14",
    "registered_capital":5000000.0,
    "trade_receivables_net":567528.0,
    "inventory":1230859.72,
    "current_assets":34503209.7100000009,
    "property_plant_equipment":4257665.3799999999,
    "non_current_assets":4424135.3799999999,
    "total_assets":38927345.0900000036,
    "current_liabilities":11587012.7100000009,
    "non_current_liabilities":0.0,
    "total_liabilities":11587012.7100000009,
    "shareholders_equity":27340332.379999999,
    "liabilities_and_equity":38927345.0900000036,
    "group":3.0,
    "main_revenue":143198629.9600000083,
    "total_revenue_fs":143282038.5600000024,
    "cost_of_goods_sold":108653166.3199999928,
    "gross_profit":0.0,
    "selling_and_admin_expenses":26440126.8999999985,
    "total_expenses":135093293.2199999988,
    "interest_expense":157194.54,
    "profit_before_tax":8031550.7999999998,
    "income_tax":1741866.1299999999,
    "net_profit":6289684.6699999999,
    "no_of_buyer":1,
    "roa_percent":17.77,
    "roe_percent":26.0,
    "gross_profit_margin_percent":0.0,
    "operating_margin_percent":5.61,
    "net_margin_percent":4.39,
    "asset_turnover_ratio":4.05,
    "receivables_turnover_ratio":504.93,
    "inventory_turnover_ratio":78.54,
    "operating_expense_ratio":18.45,
    "current_ratio":2.98,
    "debt_to_asset_ratio":0.3,
    "asset_to_equity_ratio":1.42,
    "debt_to_equity_ratio":0.42,
    "source_sheet":"Sheet1"
  },
  {
    "No":171,
    "registration_id":"745542001550",
    "supplier_id":5328,
    "is_supplier":5328,
    "start_effective_date":"2013-02-01",
    "size":"M",
    "supplier_name":"บริษัท พี.ดับบลิว.ฟู้ดส์ จำกัด (สำนักงานใหญ่)",
    "registration_date":"1999-04-10",
    "registered_capital":5000000.0,
    "trade_receivables_net":26805958.4600000009,
    "inventory":0.0,
    "current_assets":77019282.6299999952,
    "property_plant_equipment":3681381.6600000001,
    "non_current_assets":3888381.6600000001,
    "total_assets":80907664.2900000066,
    "current_liabilities":31458303.6799999997,
    "non_current_liabilities":39838.32,
    "total_liabilities":31498142.0,
    "shareholders_equity":49409522.2899999991,
    "liabilities_and_equity":80907664.2900000066,
    "group":3.0,
    "main_revenue":129450254.1299999952,
    "total_revenue_fs":141417046.7100000083,
    "cost_of_goods_sold":115388972.200000003,
    "gross_profit":0.0,
    "selling_and_admin_expenses":11146994.4600000009,
    "total_expenses":126535966.6599999964,
    "interest_expense":779891.16,
    "profit_before_tax":14101188.8900000006,
    "income_tax":2938562.3900000001,
    "net_profit":11162626.5,
    "no_of_buyer":2,
    "roa_percent":17.11,
    "roe_percent":25.47,
    "gross_profit_margin_percent":0.0,
    "operating_margin_percent":9.97,
    "net_margin_percent":7.89,
    "asset_turnover_ratio":2.17,
    "receivables_turnover_ratio":5.05,
    "inventory_turnover_ratio":15.37,
    "operating_expense_ratio":7.88,
    "current_ratio":2.45,
    "debt_to_asset_ratio":0.39,
    "asset_to_equity_ratio":1.64,
    "debt_to_equity_ratio":0.64,
    "source_sheet":"Sheet1"
  },
  {
    "No":816,
    "registration_id":"105540085042",
    "supplier_id":5243,
    "is_supplier":5243,
    "start_effective_date":null,
    "size":"M",
    "supplier_name":"บริษัท ไทย-อเมริกัน ฟู้ด จำกัด (สำนักงานใหญ่)",
    "registration_date":"1997-09-29",
    "registered_capital":102755000.0,
    "trade_receivables_net":87017974.0,
    "inventory":67599581.0,
    "current_assets":424943167.0,
    "property_plant_equipment":374261.0,
    "non_current_assets":520308.0,
    "total_assets":425463475.0,
    "current_liabilities":89338870.0,
    "non_current_liabilities":1595448.0,
    "total_liabilities":90934318.0,
    "shareholders_equity":334529157.0,
    "liabilities_and_equity":425463475.0,
    "group":3.0,
    "main_revenue":133174933.0,
    "total_revenue_fs":133595219.0,
    "cost_of_goods_sold":104602293.0,
    "gross_profit":28572640.0,
    "selling_and_admin_expenses":8155798.0,
    "total_expenses":112758091.0,
    "interest_expense":0.0,
    "profit_before_tax":20837128.0,
    "income_tax":0.0,
    "net_profit":20837128.0,
    "no_of_buyer":1,
    "roa_percent":5.2,
    "roe_percent":6.43,
    "gross_profit_margin_percent":21.39,
    "operating_margin_percent":15.6,
    "net_margin_percent":15.6,
    "asset_turnover_ratio":0.33,
    "receivables_turnover_ratio":1.71,
    "inventory_turnover_ratio":1.6,
    "operating_expense_ratio":6.1,
    "current_ratio":4.76,
    "debt_to_asset_ratio":0.21,
    "asset_to_equity_ratio":1.27,
    "debt_to_equity_ratio":0.27,
    "source_sheet":"Sheet1"
  },
  {
    "No":367,
    "registration_id":"105544114501",
    "supplier_id":5448,
    "is_supplier":5448,
    "start_effective_date":"2014-03-01",
    "size":"M",
    "supplier_name":"บริษัท พลานุภาพสมุนไพร จำกัด (สำนักงานใหญ่)",
    "registration_date":"2001-11-27",
    "registered_capital":5000000.0,
    "trade_receivables_net":20591596.3399999999,
    "inventory":7985833.5300000003,
    "current_assets":34682059.3200000003,
    "property_plant_equipment":813198.04,
    "non_current_assets":4615395.5999999996,
    "total_assets":39297454.9200000018,
    "current_liabilities":15952991.9000000004,
    "non_current_liabilities":8367270.1500000004,
    "total_liabilities":24320262.0500000007,
    "shareholders_equity":14977192.8699999992,
    "liabilities_and_equity":39297454.9200000018,
    "group":3.0,
    "main_revenue":133291065.9200000018,
    "total_revenue_fs":133512695.2600000054,
    "cost_of_goods_sold":114796802.900000006,
    "gross_profit":18494263.0199999996,
    "selling_and_admin_expenses":20000704.9499999993,
    "total_expenses":134797507.849999994,
    "interest_expense":415700.42,
    "profit_before_tax":-1700513.01,
    "income_tax":0.0,
    "net_profit":-1700513.01,
    "no_of_buyer":3,
    "roa_percent":-4.55,
    "roe_percent":-10.71,
    "gross_profit_margin_percent":13.85,
    "operating_margin_percent":-1.27,
    "net_margin_percent":-1.27,
    "asset_turnover_ratio":3.57,
    "receivables_turnover_ratio":6.82,
    "inventory_turnover_ratio":14.37,
    "operating_expense_ratio":14.98,
    "current_ratio":2.17,
    "debt_to_asset_ratio":0.62,
    "asset_to_equity_ratio":2.62,
    "debt_to_equity_ratio":1.62,
    "source_sheet":"Sheet1"
  },
  {
    "No":386,
    "registration_id":"105524022961",
    "supplier_id":717,
    "is_supplier":717,
    "start_effective_date":"2005-08-01",
    "size":"M",
    "supplier_name":"บริษัท โคฟี่ จำกัด (สำนักงานใหญ่)",
    "registration_date":"1981-09-30",
    "registered_capital":20000000.0,
    "trade_receivables_net":27248958.0700000003,
    "inventory":87170163.1899999976,
    "current_assets":115866856.150000006,
    "property_plant_equipment":54864540.2199999988,
    "non_current_assets":55500040.2199999988,
    "total_assets":171366896.3700000048,
    "current_liabilities":115132469.349999994,
    "non_current_liabilities":17730806.0300000012,
    "total_liabilities":132863275.3799999952,
    "shareholders_equity":38503620.9900000021,
    "liabilities_and_equity":171366896.3700000048,
    "group":3.0,
    "main_revenue":133073150.9800000042,
    "total_revenue_fs":133087210.7099999934,
    "cost_of_goods_sold":0.0,
    "gross_profit":0.0,
    "selling_and_admin_expenses":0.0,
    "total_expenses":125756928.849999994,
    "interest_expense":5851769.8399999999,
    "profit_before_tax":1478512.02,
    "income_tax":305552.38,
    "net_profit":1172959.6399999999,
    "no_of_buyer":3,
    "roa_percent":0.71,
    "roe_percent":3.09,
    "gross_profit_margin_percent":0.0,
    "operating_margin_percent":1.11,
    "net_margin_percent":0.88,
    "asset_turnover_ratio":0.81,
    "receivables_turnover_ratio":5.94,
    "inventory_turnover_ratio":0.0,
    "operating_expense_ratio":0.0,
    "current_ratio":1.01,
    "debt_to_asset_ratio":0.78,
    "asset_to_equity_ratio":4.45,
    "debt_to_equity_ratio":3.45,
    "source_sheet":"Sheet1"
  },
  {
    "No":666,
    "registration_id":"103518016040",
    "supplier_id":5536,
    "is_supplier":5536,
    "start_effective_date":null,
    "size":"M",
    "supplier_name":"ห้างหุ้นส่วนจำกัด โรงงานเภสัชอุตสาหกรรมค๊อกซ์ (สำนักงานใหญ่)",
    "registration_date":"1975-10-07",
    "registered_capital":15000000.0,
    "trade_receivables_net":73157329.5100000054,
    "inventory":2292976.1200000001,
    "current_assets":76015514.0100000054,
    "property_plant_equipment":14207800.9199999999,
    "non_current_assets":15830410.5999999996,
    "total_assets":91845924.6099999994,
    "current_liabilities":132512315.1800000072,
    "non_current_liabilities":4180718.4900000002,
    "total_liabilities":136693033.6699999869,
    "shareholders_equity":-44847109.0600000024,
    "liabilities_and_equity":91845924.6099999994,
    "group":3.0,
    "main_revenue":131601837.8100000024,
    "total_revenue_fs":132387092.2699999958,
    "cost_of_goods_sold":118774755.1800000072,
    "gross_profit":0.0,
    "selling_and_admin_expenses":34266186.0900000036,
    "total_expenses":153040941.2700000107,
    "interest_expense":4776685.5599999996,
    "profit_before_tax":-25430534.5599999987,
    "income_tax":0.0,
    "net_profit":-25430534.5599999987,
    "no_of_buyer":1,
    "roa_percent":-31.39,
    "roe_percent":79.14,
    "gross_profit_margin_percent":0.0,
    "operating_margin_percent":-19.21,
    "net_margin_percent":-19.21,
    "asset_turnover_ratio":1.63,
    "receivables_turnover_ratio":2.75,
    "inventory_turnover_ratio":8.03,
    "operating_expense_ratio":25.88,
    "current_ratio":0.57,
    "debt_to_asset_ratio":1.49,
    "asset_to_equity_ratio":-2.05,
    "debt_to_equity_ratio":-3.05,
    "source_sheet":"Sheet1"
  },
  {
    "No":223,
    "registration_id":"205550005521",
    "supplier_id":2104,
    "is_supplier":2104,
    "start_effective_date":null,
    "size":"M",
    "supplier_name":"บริษัท คิงส์ ดีแพค ดิสทริบิวชั่น จำกัด (สำนักงานใหญ่)",
    "registration_date":"2007-03-13",
    "registered_capital":5000000.0,
    "trade_receivables_net":71431887.75,
    "inventory":64391388.4299999997,
    "current_assets":155795860.1800000072,
    "property_plant_equipment":1823765.3400000001,
    "non_current_assets":2741193.54,
    "total_assets":158537053.7199999988,
    "current_liabilities":195923071.6899999976,
    "non_current_liabilities":381431.86,
    "total_liabilities":196304503.5500000119,
    "shareholders_equity":-37767449.8299999982,
    "liabilities_and_equity":158537053.7199999988,
    "group":3.0,
    "main_revenue":128654034.9200000018,
    "total_revenue_fs":130103652.049999997,
    "cost_of_goods_sold":107784248.599999994,
    "gross_profit":20869786.3200000003,
    "selling_and_admin_expenses":36960966.4900000021,
    "total_expenses":144745215.0900000036,
    "interest_expense":4435689.2599999998,
    "profit_before_tax":-19077252.3000000007,
    "income_tax":0.0,
    "net_profit":-19077252.3000000007,
    "no_of_buyer":4,
    "roa_percent":-12.12,
    "roe_percent":67.58,
    "gross_profit_margin_percent":16.04,
    "operating_margin_percent":-14.66,
    "net_margin_percent":-14.66,
    "asset_turnover_ratio":0.83,
    "receivables_turnover_ratio":2.02,
    "inventory_turnover_ratio":1.56,
    "operating_expense_ratio":28.41,
    "current_ratio":0.8,
    "debt_to_asset_ratio":1.24,
    "asset_to_equity_ratio":-4.2,
    "debt_to_equity_ratio":-5.2,
    "source_sheet":"Sheet1"
  },
  {
    "No":256,
    "registration_id":"445553000013",
    "supplier_id":5392,
    "is_supplier":5392,
    "start_effective_date":"2013-10-01",
    "size":"M",
    "supplier_name":"บริษัท เวอรีน่า อินเตอร์เนชั่นแนล จำกัด (สำนักงานใหญ่)",
    "registration_date":"2010-11-01",
    "registered_capital":null,
    "trade_receivables_net":20623633.8599999994,
    "inventory":26075980.1700000018,
    "current_assets":48066921.8200000003,
    "property_plant_equipment":12570567.4600000009,
    "non_current_assets":12588567.4600000009,
    "total_assets":60655489.2800000012,
    "current_liabilities":52249057.2899999991,
    "non_current_liabilities":0.0,
    "total_liabilities":52249057.2899999991,
    "shareholders_equity":8406431.9900000002,
    "liabilities_and_equity":60655489.2800000012,
    "group":3.0,
    "main_revenue":127641533.8599999994,
    "total_revenue_fs":128589974.8199999928,
    "cost_of_goods_sold":30419398.1000000015,
    "gross_profit":0.0,
    "selling_and_admin_expenses":95198366.650000006,
    "total_expenses":125617764.75,
    "interest_expense":1336894.3200000001,
    "profit_before_tax":1635315.75,
    "income_tax":334490.55,
    "net_profit":1300825.2,
    "no_of_buyer":2,
    "roa_percent":2.09,
    "roe_percent":16.77,
    "gross_profit_margin_percent":0.0,
    "operating_margin_percent":1.27,
    "net_margin_percent":1.01,
    "asset_turnover_ratio":2.06,
    "receivables_turnover_ratio":4.86,
    "inventory_turnover_ratio":2.04,
    "operating_expense_ratio":74.03,
    "current_ratio":0.92,
    "debt_to_asset_ratio":0.86,
    "asset_to_equity_ratio":7.22,
    "debt_to_equity_ratio":6.22,
    "source_sheet":"Sheet1"
  },
  {
    "No":162,
    "registration_id":"105528010950",
    "supplier_id":5377,
    "is_supplier":5377,
    "start_effective_date":"2013-08-01",
    "size":"M",
    "supplier_name":"บริษัท แซนด์ เอ็ม อินเตอร์เนชั่นแนล จำกัด (สำนักงานใหญ่)",
    "registration_date":"1985-03-26",
    "registered_capital":5000000.0,
    "trade_receivables_net":29414270.2100000009,
    "inventory":5904275.8499999996,
    "current_assets":38329838.2100000009,
    "property_plant_equipment":10372026.5600000005,
    "non_current_assets":10372026.5600000005,
    "total_assets":48701864.7700000033,
    "current_liabilities":11401406.6799999997,
    "non_current_liabilities":16912173.870000001,
    "total_liabilities":28313580.5500000007,
    "shareholders_equity":20388284.2199999988,
    "liabilities_and_equity":48701864.7700000033,
    "group":3.0,
    "main_revenue":124070620.5100000054,
    "total_revenue_fs":124076068.6299999952,
    "cost_of_goods_sold":0.0,
    "gross_profit":0.0,
    "selling_and_admin_expenses":0.0,
    "total_expenses":116443957.5600000024,
    "interest_expense":35712.68,
    "profit_before_tax":7596398.3899999997,
    "income_tax":1624731.7,
    "net_profit":5971666.6900000004,
    "no_of_buyer":1,
    "roa_percent":15.84,
    "roe_percent":37.55,
    "gross_profit_margin_percent":0.0,
    "operating_margin_percent":6.12,
    "net_margin_percent":4.81,
    "asset_turnover_ratio":3.29,
    "receivables_turnover_ratio":5.81,
    "inventory_turnover_ratio":0.0,
    "operating_expense_ratio":0.0,
    "current_ratio":3.36,
    "debt_to_asset_ratio":0.58,
    "asset_to_equity_ratio":2.39,
    "debt_to_equity_ratio":1.39,
    "source_sheet":"Sheet1"
  },
  {
    "No":467,
    "registration_id":"105535118477",
    "supplier_id":2134,
    "is_supplier":2134,
    "start_effective_date":"2013-11-01",
    "size":"M",
    "supplier_name":"บริษัท นารายณ์ ซูเปอร์แบค จำกัด (สำนักงานใหญ่)",
    "registration_date":"1992-08-24",
    "registered_capital":50000000.0,
    "trade_receivables_net":16039242.9499999993,
    "inventory":12870430.5,
    "current_assets":105468226.6299999952,
    "property_plant_equipment":15024099.1799999997,
    "non_current_assets":17320792.1900000013,
    "total_assets":122789018.8199999928,
    "current_liabilities":15599281.6600000001,
    "non_current_liabilities":3701018.6699999999,
    "total_liabilities":19300300.3299999982,
    "shareholders_equity":103488718.4899999946,
    "liabilities_and_equity":122789018.8199999928,
    "group":3.0,
    "main_revenue":120103495.6400000006,
    "total_revenue_fs":122180777.0100000054,
    "cost_of_goods_sold":65050351.75,
    "gross_profit":0.0,
    "selling_and_admin_expenses":18688514.4600000009,
    "total_expenses":83738866.2099999934,
    "interest_expense":32613.85,
    "profit_before_tax":38409296.950000003,
    "income_tax":8145940.8099999996,
    "net_profit":30263356.1400000006,
    "no_of_buyer":1,
    "roa_percent":24.86,
    "roe_percent":29.28,
    "gross_profit_margin_percent":0.0,
    "operating_margin_percent":31.44,
    "net_margin_percent":24.77,
    "asset_turnover_ratio":1.0,
    "receivables_turnover_ratio":6.56,
    "inventory_turnover_ratio":5.28,
    "operating_expense_ratio":15.3,
    "current_ratio":6.76,
    "debt_to_asset_ratio":0.16,
    "asset_to_equity_ratio":1.19,
    "debt_to_equity_ratio":0.19,
    "source_sheet":"Sheet1"
  },
  {
    "No":450,
    "registration_id":"105553051311",
    "supplier_id":5244,
    "is_supplier":5244,
    "start_effective_date":"2011-08-01",
    "size":"M",
    "supplier_name":"บริษัท โจ-ลี่ แฟมิลี่ จำกัด (สำนักงานใหญ่)",
    "registration_date":"2010-04-20",
    "registered_capital":35000000.0,
    "trade_receivables_net":30367720.8000000007,
    "inventory":41361279.6199999973,
    "current_assets":80215844.5300000012,
    "property_plant_equipment":47631225.8299999982,
    "non_current_assets":53535375.2299999967,
    "total_assets":133751219.7600000054,
    "current_liabilities":61406583.8299999982,
    "non_current_liabilities":31946862.2199999988,
    "total_liabilities":93353446.049999997,
    "shareholders_equity":40397773.7100000009,
    "liabilities_and_equity":133751219.7600000054,
    "group":3.0,
    "main_revenue":116796185.2399999946,
    "total_revenue_fs":122177776.6400000006,
    "cost_of_goods_sold":89456523.299999997,
    "gross_profit":0.0,
    "selling_and_admin_expenses":21826692.7399999984,
    "total_expenses":111283216.0400000066,
    "interest_expense":3422583.7999999998,
    "profit_before_tax":7471976.7999999998,
    "income_tax":634151.96,
    "net_profit":6837824.8399999999,
    "no_of_buyer":2,
    "roa_percent":5.6,
    "roe_percent":18.49,
    "gross_profit_margin_percent":0.0,
    "operating_margin_percent":6.12,
    "net_margin_percent":5.6,
    "asset_turnover_ratio":1.0,
    "receivables_turnover_ratio":4.41,
    "inventory_turnover_ratio":2.49,
    "operating_expense_ratio":17.86,
    "current_ratio":1.31,
    "debt_to_asset_ratio":0.7,
    "asset_to_equity_ratio":3.31,
    "debt_to_equity_ratio":2.31,
    "source_sheet":"Sheet1"
  },
  {
    "No":497,
    "registration_id":"105537111089",
    "supplier_id":3027,
    "is_supplier":3027,
    "start_effective_date":"2017-01-01",
    "size":"M",
    "supplier_name":"บริษัท วีพีพี โปรเกรสซิฟ จำกัด (สำนักงานใหญ่)",
    "registration_date":"1994-09-19",
    "registered_capital":50000000.0,
    "trade_receivables_net":12672175.6999999993,
    "inventory":36012561.450000003,
    "current_assets":53995871.2700000033,
    "property_plant_equipment":51464591.6199999973,
    "non_current_assets":60186100.549999997,
    "total_assets":114181971.8199999928,
    "current_liabilities":45311036.6899999976,
    "non_current_liabilities":3611608.04,
    "total_liabilities":48922644.7299999967,
    "shareholders_equity":65259327.0900000036,
    "liabilities_and_equity":114181971.8199999928,
    "group":3.0,
    "main_revenue":120236207.8799999952,
    "total_revenue_fs":121836324.8599999994,
    "cost_of_goods_sold":79502053.049999997,
    "gross_profit":0.0,
    "selling_and_admin_expenses":37494431.3100000024,
    "total_expenses":116996484.3599999994,
    "interest_expense":1879734.97,
    "profit_before_tax":2960105.5299999998,
    "income_tax":717451.49,
    "net_profit":2242654.04,
    "no_of_buyer":2,
    "roa_percent":1.93,
    "roe_percent":3.5,
    "gross_profit_margin_percent":0.0,
    "operating_margin_percent":2.43,
    "net_margin_percent":1.84,
    "asset_turnover_ratio":1.05,
    "receivables_turnover_ratio":9.72,
    "inventory_turnover_ratio":2.59,
    "operating_expense_ratio":30.77,
    "current_ratio":1.19,
    "debt_to_asset_ratio":0.43,
    "asset_to_equity_ratio":1.75,
    "debt_to_equity_ratio":0.75,
    "source_sheet":"Sheet1"
  },
  {
    "No":309,
    "registration_id":"105537011751",
    "supplier_id":3076,
    "is_supplier":3076,
    "start_effective_date":"2009-01-01",
    "size":"M",
    "supplier_name":"บริษัท บอดี้เชพ คอร์ปอเรชั่น กรุ๊ป จำกัด (สำนักงานใหญ่)",
    "registration_date":"1994-01-27",
    "registered_capital":50000000.0,
    "trade_receivables_net":50906225.8900000006,
    "inventory":14170719.9900000002,
    "current_assets":76914902.9399999976,
    "property_plant_equipment":28618639.870000001,
    "non_current_assets":52155025.6400000006,
    "total_assets":129069928.5799999982,
    "current_liabilities":225176281.8799999952,
    "non_current_liabilities":23387511.5799999982,
    "total_liabilities":248563793.4600000083,
    "shareholders_equity":-119493864.8799999952,
    "liabilities_and_equity":129069928.5799999982,
    "group":3.0,
    "main_revenue":117937518.4599999934,
    "total_revenue_fs":120836353.8199999928,
    "cost_of_goods_sold":0.0,
    "gross_profit":0.0,
    "selling_and_admin_expenses":0.0,
    "total_expenses":110175664.349999994,
    "interest_expense":4453061.6799999997,
    "profit_before_tax":6207627.79,
    "income_tax":0.0,
    "net_profit":6207627.79,
    "no_of_buyer":2,
    "roa_percent":4.02,
    "roe_percent":-4.35,
    "gross_profit_margin_percent":0.0,
    "operating_margin_percent":5.14,
    "net_margin_percent":5.14,
    "asset_turnover_ratio":0.78,
    "receivables_turnover_ratio":2.52,
    "inventory_turnover_ratio":0.0,
    "operating_expense_ratio":0.0,
    "current_ratio":0.34,
    "debt_to_asset_ratio":1.93,
    "asset_to_equity_ratio":-1.08,
    "debt_to_equity_ratio":-2.08,
    "source_sheet":"Sheet1"
  },
  {
    "No":141,
    "registration_id":"103520010045",
    "supplier_id":2091,
    "is_supplier":2091,
    "start_effective_date":"2005-08-01",
    "size":"M",
    "supplier_name":"ห้างหุ้นส่วนจำกัด อยู่แสงฟ้า โปรดัคส์ (สำนักงานใหญ่)",
    "registration_date":"1977-05-30",
    "registered_capital":1000000.0,
    "trade_receivables_net":20306485.2600000016,
    "inventory":300914.62,
    "current_assets":47480394.4799999967,
    "property_plant_equipment":424591.88,
    "non_current_assets":12424591.8800000008,
    "total_assets":59904986.3599999994,
    "current_liabilities":12454161.7300000004,
    "non_current_liabilities":0.0,
    "total_liabilities":12454161.7300000004,
    "shareholders_equity":47450824.6300000027,
    "liabilities_and_equity":59904986.3599999994,
    "group":3.0,
    "main_revenue":117542197.4800000042,
    "total_revenue_fs":117816949.650000006,
    "cost_of_goods_sold":0.0,
    "gross_profit":0.0,
    "selling_and_admin_expenses":0.0,
    "total_expenses":116710852.8199999928,
    "interest_expense":15781.25,
    "profit_before_tax":1090315.5800000001,
    "income_tax":218070.2,
    "net_profit":872245.38,
    "no_of_buyer":2,
    "roa_percent":1.46,
    "roe_percent":1.86,
    "gross_profit_margin_percent":0.0,
    "operating_margin_percent":0.93,
    "net_margin_percent":0.74,
    "asset_turnover_ratio":1.97,
    "receivables_turnover_ratio":5.84,
    "inventory_turnover_ratio":0.0,
    "operating_expense_ratio":0.0,
    "current_ratio":3.81,
    "debt_to_asset_ratio":0.21,
    "asset_to_equity_ratio":1.26,
    "debt_to_equity_ratio":0.26,
    "source_sheet":"Sheet1"
  },
  {
    "No":148,
    "registration_id":"115557005853",
    "supplier_id":5544,
    "is_supplier":5544,
    "start_effective_date":"2014-10-01",
    "size":"M",
    "supplier_name":"บริษัท เอส.อี.เอ. คอนซูเมอร์ โปรดักส์ จำกัด (สำนักงานใหญ่)",
    "registration_date":"2014-03-25",
    "registered_capital":5000000.0,
    "trade_receivables_net":38372946.4600000009,
    "inventory":16247794.9100000001,
    "current_assets":72402150.0799999982,
    "property_plant_equipment":2538599.0299999998,
    "non_current_assets":2734282.5499999998,
    "total_assets":75136432.6299999952,
    "current_liabilities":57452429.9900000021,
    "non_current_liabilities":6151802.0,
    "total_liabilities":63604231.9900000021,
    "shareholders_equity":11532200.6400000006,
    "liabilities_and_equity":75136432.6299999952,
    "group":3.0,
    "main_revenue":114638451.349999994,
    "total_revenue_fs":116114171.1099999994,
    "cost_of_goods_sold":71902605.700000003,
    "gross_profit":0.0,
    "selling_and_admin_expenses":36585857.8999999985,
    "total_expenses":108488463.599999994,
    "interest_expense":266287.78,
    "profit_before_tax":7359419.7300000004,
    "income_tax":1446975.3999999999,
    "net_profit":5912444.3300000001,
    "no_of_buyer":3,
    "roa_percent":8.62,
    "roe_percent":68.94,
    "gross_profit_margin_percent":0.0,
    "operating_margin_percent":6.34,
    "net_margin_percent":5.09,
    "asset_turnover_ratio":1.69,
    "receivables_turnover_ratio":3.33,
    "inventory_turnover_ratio":5.58,
    "operating_expense_ratio":31.51,
    "current_ratio":1.26,
    "debt_to_asset_ratio":0.85,
    "asset_to_equity_ratio":6.52,
    "debt_to_equity_ratio":5.52,
    "source_sheet":"Sheet1"
  },
  {
    "No":186,
    "registration_id":"105553106744",
    "supplier_id":5238,
    "is_supplier":5238,
    "start_effective_date":"2011-07-01",
    "size":"M",
    "supplier_name":"บริษัท ฮายาชิ โปรดักส์ จำกัด (สำนักงานใหญ่)",
    "registration_date":"2010-01-09",
    "registered_capital":5000000.0,
    "trade_receivables_net":27032601.879999999,
    "inventory":3554834.29,
    "current_assets":48342517.7599999979,
    "property_plant_equipment":13859800.3499999996,
    "non_current_assets":13923312.2699999996,
    "total_assets":62265830.0300000012,
    "current_liabilities":16074678.1899999995,
    "non_current_liabilities":0.0,
    "total_liabilities":16074678.1899999995,
    "shareholders_equity":46191151.8400000036,
    "liabilities_and_equity":62265830.0300000012,
    "group":3.0,
    "main_revenue":115294269.5799999982,
    "total_revenue_fs":115559213.549999997,
    "cost_of_goods_sold":50143889.7299999967,
    "gross_profit":0.0,
    "selling_and_admin_expenses":31461628.8000000007,
    "total_expenses":81605518.5300000012,
    "interest_expense":0.0,
    "profit_before_tax":33953695.0200000033,
    "income_tax":6792596.3899999997,
    "net_profit":27161098.629999999,
    "no_of_buyer":4,
    "roa_percent":45.22,
    "roe_percent":63.74,
    "gross_profit_margin_percent":0.0,
    "operating_margin_percent":29.38,
    "net_margin_percent":23.5,
    "asset_turnover_ratio":1.92,
    "receivables_turnover_ratio":4.33,
    "inventory_turnover_ratio":10.55,
    "operating_expense_ratio":27.23,
    "current_ratio":3.01,
    "debt_to_asset_ratio":0.26,
    "asset_to_equity_ratio":1.35,
    "debt_to_equity_ratio":0.35,
    "source_sheet":"Sheet1"
  },
  {
    "No":414,
    "registration_id":"105542085121",
    "supplier_id":5456,
    "is_supplier":5456,
    "start_effective_date":"2014-03-01",
    "size":"M",
    "supplier_name":"บริษัท ซี แอล ชุนหลี จำกัด (สำนักงานใหญ่)",
    "registration_date":"1999-11-03",
    "registered_capital":3000000.0,
    "trade_receivables_net":27001389.3500000015,
    "inventory":0.0,
    "current_assets":38668374.7899999991,
    "property_plant_equipment":992927.98,
    "non_current_assets":2255927.98,
    "total_assets":40924302.7700000033,
    "current_liabilities":25988376.3900000006,
    "non_current_liabilities":1065317.5600000001,
    "total_liabilities":27053693.9499999993,
    "shareholders_equity":13870608.8200000003,
    "liabilities_and_equity":40924302.7700000033,
    "group":3.0,
    "main_revenue":115456634.900000006,
    "total_revenue_fs":115474261.4399999976,
    "cost_of_goods_sold":93982576.9200000018,
    "gross_profit":0.0,
    "selling_and_admin_expenses":15872026.2300000004,
    "total_expenses":109854603.150000006,
    "interest_expense":74099.13,
    "profit_before_tax":5545559.1600000001,
    "income_tax":1133014.9099999999,
    "net_profit":4412544.25,
    "no_of_buyer":2,
    "roa_percent":15.12,
    "roe_percent":35.98,
    "gross_profit_margin_percent":0.0,
    "operating_margin_percent":4.8,
    "net_margin_percent":3.82,
    "asset_turnover_ratio":3.96,
    "receivables_turnover_ratio":5.67,
    "inventory_turnover_ratio":0.0,
    "operating_expense_ratio":13.75,
    "current_ratio":1.49,
    "debt_to_asset_ratio":0.66,
    "asset_to_equity_ratio":2.95,
    "debt_to_equity_ratio":1.95,
    "source_sheet":"Sheet1"
  },
  {
    "No":375,
    "registration_id":"105556116058",
    "supplier_id":5602,
    "is_supplier":5602,
    "start_effective_date":"2015-11-01",
    "size":"M",
    "supplier_name":"บริษัท โพธิ์หยก สมุนไพร จำกัด (สำนักงานใหญ่)",
    "registration_date":"2013-07-19",
    "registered_capital":10000000.0,
    "trade_receivables_net":5446098.9299999997,
    "inventory":14376682.5,
    "current_assets":48198095.7599999979,
    "property_plant_equipment":5405281.8799999999,
    "non_current_assets":36546914.2599999979,
    "total_assets":84745010.0199999958,
    "current_liabilities":44463021.8900000006,
    "non_current_liabilities":0.0,
    "total_liabilities":44463021.8900000006,
    "shareholders_equity":40281988.1300000027,
    "liabilities_and_equity":84745010.0199999958,
    "group":3.0,
    "main_revenue":110886753.0,
    "total_revenue_fs":110939382.0400000066,
    "cost_of_goods_sold":59380927.700000003,
    "gross_profit":0.0,
    "selling_and_admin_expenses":17239794.7399999984,
    "total_expenses":76620722.4399999976,
    "interest_expense":0.0,
    "profit_before_tax":34318659.6000000015,
    "income_tax":6874447.8399999999,
    "net_profit":27444211.7600000016,
    "no_of_buyer":1,
    "roa_percent":51.19,
    "roe_percent":121.65,
    "gross_profit_margin_percent":0.0,
    "operating_margin_percent":30.93,
    "net_margin_percent":24.74,
    "asset_turnover_ratio":2.07,
    "receivables_turnover_ratio":31.37,
    "inventory_turnover_ratio":6.62,
    "operating_expense_ratio":15.54,
    "current_ratio":1.08,
    "debt_to_asset_ratio":0.52,
    "asset_to_equity_ratio":2.1,
    "debt_to_equity_ratio":1.1,
    "source_sheet":"Sheet1"
  },
  {
    "No":417,
    "registration_id":"105518006607",
    "supplier_id":1030,
    "is_supplier":1030,
    "start_effective_date":"2012-09-01",
    "size":"M",
    "supplier_name":"บริษัท พี.แสงอุดมเทรดดิ้ง จำกัด (สำนักงานใหญ่)",
    "registration_date":"1975-07-04",
    "registered_capital":45000000.0,
    "trade_receivables_net":48552861.1400000006,
    "inventory":3041838.75,
    "current_assets":96304944.7600000054,
    "property_plant_equipment":8594914.8900000006,
    "non_current_assets":8647614.8900000006,
    "total_assets":104952559.650000006,
    "current_liabilities":69860753.5300000012,
    "non_current_liabilities":0.0,
    "total_liabilities":69860753.5300000012,
    "shareholders_equity":35091806.1199999973,
    "liabilities_and_equity":104952559.650000006,
    "group":3.0,
    "main_revenue":110331389.0699999928,
    "total_revenue_fs":110902179.2399999946,
    "cost_of_goods_sold":78150613.5699999928,
    "gross_profit":0.0,
    "selling_and_admin_expenses":34971655.6799999997,
    "total_expenses":113122269.25,
    "interest_expense":134927.86,
    "profit_before_tax":-2355017.8700000001,
    "income_tax":0.0,
    "net_profit":-2355017.8700000001,
    "no_of_buyer":4,
    "roa_percent":-2.27,
    "roe_percent":-6.49,
    "gross_profit_margin_percent":0.0,
    "operating_margin_percent":-2.12,
    "net_margin_percent":-2.12,
    "asset_turnover_ratio":1.07,
    "receivables_turnover_ratio":2.17,
    "inventory_turnover_ratio":26.89,
    "operating_expense_ratio":31.53,
    "current_ratio":1.38,
    "debt_to_asset_ratio":0.67,
    "asset_to_equity_ratio":2.99,
    "debt_to_equity_ratio":1.99,
    "source_sheet":"Sheet1"
  },
  {
    "No":124,
    "registration_id":"105548154060",
    "supplier_id":2110,
    "is_supplier":2110,
    "start_effective_date":"2007-02-01",
    "size":"M",
    "supplier_name":"บริษัท ทรู สตาร์ เบฟเวอร์เรจ จำกัด (สำนักงานใหญ่)",
    "registration_date":"2005-11-24",
    "registered_capital":6000000.0,
    "trade_receivables_net":8103054.54,
    "inventory":1869878.76,
    "current_assets":11049816.8599999994,
    "property_plant_equipment":21369.48,
    "non_current_assets":1907060.95,
    "total_assets":12956877.8100000005,
    "current_liabilities":13206265.9000000004,
    "non_current_liabilities":3756238.0,
    "total_liabilities":16962503.8999999985,
    "shareholders_equity":-4005626.0899999999,
    "liabilities_and_equity":12956877.8100000005,
    "group":3.0,
    "main_revenue":109826247.7800000012,
    "total_revenue_fs":109830025.6800000072,
    "cost_of_goods_sold":102442332.799999997,
    "gross_profit":0.0,
    "selling_and_admin_expenses":11537214.1600000001,
    "total_expenses":113979546.9599999934,
    "interest_expense":0.0,
    "profit_before_tax":-4149521.2799999998,
    "income_tax":0.0,
    "net_profit":-4149521.2799999998,
    "no_of_buyer":1,
    "roa_percent":-29.6,
    "roe_percent":214.9,
    "gross_profit_margin_percent":0.0,
    "operating_margin_percent":-3.78,
    "net_margin_percent":-3.78,
    "asset_turnover_ratio":7.83,
    "receivables_turnover_ratio":13.68,
    "inventory_turnover_ratio":58.55,
    "operating_expense_ratio":10.5,
    "current_ratio":0.84,
    "debt_to_asset_ratio":1.31,
    "asset_to_equity_ratio":-3.23,
    "debt_to_equity_ratio":-4.23,
    "source_sheet":"Sheet1"
  },
  {
    "No":114,
    "registration_id":"105556118557",
    "supplier_id":5577,
    "is_supplier":5577,
    "start_effective_date":"2015-01-01",
    "size":"M",
    "supplier_name":"บริษัท เอเวอร์มอร์ จำกัด (สำนักงานใหญ่)",
    "registration_date":"2013-07-26",
    "registered_capital":5000000.0,
    "trade_receivables_net":23114915.7199999988,
    "inventory":22851503.2100000009,
    "current_assets":46151360.7199999988,
    "property_plant_equipment":529275.8,
    "non_current_assets":569275.8,
    "total_assets":46720636.5200000033,
    "current_liabilities":27650223.9200000018,
    "non_current_liabilities":0.0,
    "total_liabilities":27650223.9200000018,
    "shareholders_equity":19070412.6000000015,
    "liabilities_and_equity":46720636.5200000033,
    "group":3.0,
    "main_revenue":109027825.4599999934,
    "total_revenue_fs":109031769.6200000048,
    "cost_of_goods_sold":78178845.0900000036,
    "gross_profit":0.0,
    "selling_and_admin_expenses":13378635.3599999994,
    "total_expenses":91557480.450000003,
    "interest_expense":10.28,
    "profit_before_tax":17474278.8900000006,
    "income_tax":3545544.54,
    "net_profit":13928734.3499999996,
    "no_of_buyer":1,
    "roa_percent":42.14,
    "roe_percent":137.83,
    "gross_profit_margin_percent":0.0,
    "operating_margin_percent":16.03,
    "net_margin_percent":12.77,
    "asset_turnover_ratio":3.3,
    "receivables_turnover_ratio":5.71,
    "inventory_turnover_ratio":5.91,
    "operating_expense_ratio":12.27,
    "current_ratio":1.67,
    "debt_to_asset_ratio":0.59,
    "asset_to_equity_ratio":2.45,
    "debt_to_equity_ratio":1.45,
    "source_sheet":"Sheet1"
  },
  {
    "No":123,
    "registration_id":"105552082728",
    "supplier_id":5509,
    "is_supplier":5509,
    "start_effective_date":"2014-09-01",
    "size":"M",
    "supplier_name":"บริษัท ตังกุยจั๊บเบฟเวอเรจ จำกัด (สำนักงานใหญ่)",
    "registration_date":"2009-08-14",
    "registered_capital":5000000.0,
    "trade_receivables_net":21013431.129999999,
    "inventory":1276659.6899999999,
    "current_assets":23154223.6900000013,
    "property_plant_equipment":4022480.5099999998,
    "non_current_assets":5813268.71,
    "total_assets":28967492.3999999985,
    "current_liabilities":39077181.1000000015,
    "non_current_liabilities":8210332.2400000002,
    "total_liabilities":47287513.3400000036,
    "shareholders_equity":-18320020.9400000013,
    "liabilities_and_equity":28967492.3999999985,
    "group":3.0,
    "main_revenue":104010053.799999997,
    "total_revenue_fs":104016680.2600000054,
    "cost_of_goods_sold":82493943.5600000024,
    "gross_profit":0.0,
    "selling_and_admin_expenses":23061832.2899999991,
    "total_expenses":105555775.849999994,
    "interest_expense":110998.71,
    "profit_before_tax":-1650094.3,
    "income_tax":0.0,
    "net_profit":-1650094.3,
    "no_of_buyer":1,
    "roa_percent":-6.22,
    "roe_percent":9.43,
    "gross_profit_margin_percent":0.0,
    "operating_margin_percent":-1.59,
    "net_margin_percent":-1.59,
    "asset_turnover_ratio":3.92,
    "receivables_turnover_ratio":5.44,
    "inventory_turnover_ratio":62.56,
    "operating_expense_ratio":22.17,
    "current_ratio":0.59,
    "debt_to_asset_ratio":1.63,
    "asset_to_equity_ratio":-1.58,
    "debt_to_equity_ratio":-2.58,
    "source_sheet":"Sheet1"
  },
  {
    "No":447,
    "registration_id":"105530065090",
    "supplier_id":969,
    "is_supplier":969,
    "start_effective_date":"2005-08-01",
    "size":"M",
    "supplier_name":"บริษัท เรดอน จำกัด (สำนักงานใหญ่)",
    "registration_date":"1987-12-14",
    "registered_capital":39000000.0,
    "trade_receivables_net":105863508.349999994,
    "inventory":57956360.2100000009,
    "current_assets":164362027.7100000083,
    "property_plant_equipment":51903567.1400000006,
    "non_current_assets":60070342.049999997,
    "total_assets":224432369.7599999905,
    "current_liabilities":154211778.0900000036,
    "non_current_liabilities":37850560.3900000006,
    "total_liabilities":192062338.4799999893,
    "shareholders_equity":32370031.2800000012,
    "liabilities_and_equity":224432369.7599999905,
    "group":3.0,
    "main_revenue":103208984.6899999976,
    "total_revenue_fs":103991583.8900000006,
    "cost_of_goods_sold":53618333.200000003,
    "gross_profit":0.0,
    "selling_and_admin_expenses":38795312.8599999994,
    "total_expenses":92413646.0600000024,
    "interest_expense":10854464.8800000008,
    "profit_before_tax":723472.95,
    "income_tax":179105.89,
    "net_profit":544367.0600000001,
    "no_of_buyer":2,
    "roa_percent":0.24,
    "roe_percent":1.7,
    "gross_profit_margin_percent":0.0,
    "operating_margin_percent":0.7,
    "net_margin_percent":0.52,
    "asset_turnover_ratio":0.47,
    "receivables_turnover_ratio":0.99,
    "inventory_turnover_ratio":0.92,
    "operating_expense_ratio":37.31,
    "current_ratio":1.07,
    "debt_to_asset_ratio":0.86,
    "asset_to_equity_ratio":6.93,
    "debt_to_equity_ratio":5.93,
    "source_sheet":"Sheet1"
  }
]